3159 4925
437 901 794 983 SCRIPTORUM
828 896 1095 977 VE'l'ERUM

747 1074 782 1111 Ac

313 1193 773 1277 RECENTIORUM
811 1184 1221 1279 QUORUNDAM

432 1436 498 1503 DE
528 1434 578 1502 lt.
600 1429 817 1499 VALERIO
848 1422 1103 1494 MARTIALE

490 1655 1043 1753 TESTIMONIA.

609 1935 918 1951 *nn—n—

456 2166 495 2232 G.
518 2168 682 2234 Pnrsrus
706 2163 897 2231 Gnornros
921 2165 1088 2231 suanno.

511 2283 709 2349 Gonnnnro
731 2282 873 2348 Pareae
895 2300 966 2349 suo
987 2283 1024 2348 S.

529 2416 695 2504 [Epistola
709 2417 784 2485 Lib.
795 2433 854 2485 rrr.
862 2414 1008 2497 ultima]

217 2537 361 2627 Aunro
376 2558 552 2627 Valerium
576 2557 768 2626 Martialem
790 2558 992 2638 decessisse,
1015 2564 1049 2624 et
1072 2555 1215 2623 moleste
1235 2560 1318 2625 lero.

218 2661 300 2728 Erat
316 2662 418 2727 homo
441 2659 644 2744 ingeniosus,
674 2666 808 2739 acutus,
831 2679 920 2739 aoer,
943 2665 978 2725 et
1000 2660 1059 2744 qui
1085 2659 1262 2743 plurimum
1284 2660 1319 2725 in

218 2761 393 2829 scribendo
417 2769 452 2828 et
472 2760 556 2828 salis
584 2757 721 2825 haberet
745 2766 779 2826 et
799 2761 909 2842 sellis;
928 2779 993 2826 neu
1020 2759 1175 2826 candoris
1195 2761 1318 2826 miuus.

218 2864 425 2932 Prosecutus
436 2881 528 2929 eram
542 2862 667 2929 viatico
682 2863 904 2928 secedentem.
947 2862 1117 2929 Dederam
1130 2861 1194 2928 lroc
1203 2863 1321 2929 amiei-

217 2965 288 3042 tim,
301 2963 461 3031 dederam
475 2964 574 3030 etiam
589 2963 772 3042 uersimrlis,
782 2985 867 3049 quos
881 2963 924 3029 de
938 2984 991 3030 me
1007 2964 1209 3048 composuit.
1239 2963 1321 3030 Fuit

217 3065 320 3132 moris
333 3066 473 3151 antiqui,
498 3063 630 3148 eosqui
651 3064 705 3130 vel
728 3047 931 3150 singulorum
954 3065 1086 3144 laudes,
1112 3063 1163 3130 vel
1185 3065 1319 3129 urbium

218 3168 433 3251 scripserant,
454 3172 515 3233 aut
537 3166 720 3238 honoribus
743 3174 806 3233 aut
833 3167 979 3252 pecunia
998 3185 1126 3232 ornare.
1181 3165 1320 3232 Nostris

216 3287 298 3335 vero
311 3265 529 3352 temporibus,
542 3274 582 3333 ut
596 3267 664 3332 alia
678 3269 839 3354 speciosa
851 3276 885 3335 et
896 3270 1038 3354 egregia,
1066 3267 1117 3333 ita
1140 3265 1206 3334 hoe
1218 3267 1320 3353 inpri-

217 3369 456 3434 misexolevit.
500 3367 592 3434 Nam
617 3376 799 3458 postquam
820 3370 981 3436 desiimus
1005 3371 1113 3436 faeere
1135 3369 1319 3448 laudanda,

216 3471 349 3536 laudari
363 3488 497 3554 quoqne
511 3470 661 3555 ineptum
675 3460 853 3554 putamus.¹
891 3470 1028 3551 Quaeris
1052 3471 1112 3554 qui
1135 3471 1204 3535 sint
1218 3471 1321 3536 versi·
1403 3536 1407 3541 ,

218 3571 302 3651 culi,
317 3571 439 3655 quibus
452 3572 591 3654 gretiam
606 3571 798 3638 retulerimt
842 3569 1063 3637 Remitterem
1089 3578 1121 3636 te
1140 3569 1185 3633 ad
1206 3569 1320 3655 ipsum

218 3671 390 3749 volumen,
402 3671 469 3736 uisi
483 3671 649 3757 quosdam
663 3676 818 3737 tenerem.
861 3671 928 3750 Tu,
951 3670 981 3736 ei
996 3669 1186 3756 placuerint
1198 3669 1245 3748 hi,
1266 3689 1320 3735 ee·

218 3778 310 3838 teres
324 3773 357 3838 in
368 3773 455 3837 libro
468 3773 631 3855 requires.
673 3768 866 3856 Alloquitur
880 3771 1030 3851 Musam,
1051 3771 1193 3837 mandat
1206 3779 1247 3837 ut
1258 3772 1320 3838 do·

218 3891 310 3936 mum
323 3890 434 3936 meam
448 3873 484 3937 in
494 3871 657 3957 Esquiliis
670 3881 812 3960 quaerat,
827 3873 931 3939 adem
943 3881 1149 3941 reverenter:
1172 3873 1264 3958 [Lib.
1280 3891 1320 3940 x.

218 3970 333 4056 Epigr.
348 3969 420 4056 19.]

392 4071 461 4138 Sed
474 4092 516 4137 ne
530 4078 679 4158 tempore
694 4092 762 4140 non
777 4078 837 4139 tuo
853 4071 1014 4144 disertam

393 4173 514 4240 Pulses
530 4176 624 4241 ebria
633 4177 783 4262 januam,
798 4178 919 4244 videto.

287 4291 374 4355 natus.
385 4297 408 4344 e
425 4291 484 4343 ναν.
497 4293 562 4342 cre.
714 4293 827 4346 Manat.
