3159 4925
657 398 694 443 M.
718 397 803 444 vab.
828 394 1034 444 MARTIALIS

513 541 613 606 Solus
627 542 685 627 qui
699 545 839 624 poterat.
882 538 1036 615 Valebis,
1052 558 1145 604 uxor.

510 642 592 706 Non
604 641 703 707 debet
719 640 856 705 Domini
871 641 981 723 perire
996 658 1125 703 munus.
1173 690 1176 695 .

298 744 440 811 Creatus
454 748 508 809 est
520 743 683 822 tribunus,
698 742 789 828 quod
807 759 862 808 ιιι.
876 742 930 807 95.
941 740 1067 825 jactat:

382 845 445 911 Est
459 848 493 909 et
506 844 541 908 in
553 844 619 908 boo
634 843 782 929 aliquid:
805 841 893 907 vidit
904 860 958 905 rue
977 841 1087 906 Roma
1099 839 1280 906 tribunum.

295 946 444 1011 Ornatus
457 950 509 1010 est
523 944 669 1027 equestri
683 942 863 1025 dignitate:
890 941 1036 1006 ibidem:

465 1046 509 1112 Et
523 1045 636 1123 sedeo,
650 1064 717 1132 qua
732 1051 767 1107 te
782 1044 926 1108 suscitat
940 1042 1117 1107 Ooeauus:

293 1147 358 1212 hoc
372 1152 435 1225 est,
457 1152 575 1230 specto
598 1147 634 1209 iu
656 1144 796 1211 theatris
821 1144 919 1209 ludos
941 1144 1026 1208 inter
1039 1143 1179 1228 equites.
1223 1141 1388 1209 Praedioat

292 1249 434 1313 eandem
448 1263 482 1308 v.
495 1246 550 1312 13.

378 1349 470 1426 Sum,
485 1348 605 1424 fateor,
621 1366 819 1431 semperque
833 1345 894 1425 lui,
905 1344 1106 1424 Callistrato,
1120 1364 1257 1429 pauper,

418 1447 488 1512 Sed
502 1466 572 1511 nou
586 1447 763 1525 obscurus,
777 1466 840 1510 nec
854 1447 940 1511 male
955 1451 1055 1512 notus
1069 1467 1182 1531 eques.

290 1548 425 1613 Auotus
438 1554 493 1612 est
504 1548 600 1612 donis
614 1548 649 1611 in
660 1548 743 1611 urbe
754 1551 789 1610 et
800 1547 879 1611 ruri.
923 1545 1144 1611 Domicilinm
1158 1548 1223 1611 sibi
1235 1547 1384 1629 assigna-

290 1653 360 1712 tum
374 1648 410 1711 iu
423 1648 515 1724 urbe,
529 1654 563 1713 et
575 1666 635 1711 rus
650 1647 877 1711 suburbanum
890 1645 989 1711 dooet
1003 1647 1127 1713 11.OE

376 1747 557 1830 Rumpitur
570 1746 710 1825 invidia,
724 1748 814 1830 quod
827 1767 884 1812 rus
897 1747 980 1811 mibi
993 1749 1091 1814 dulce
1107 1747 1171 1812 sub
1185 1747 1268 1811 urbe
1281 1756 1346 1824 est,

417 1847 596 1931 Parvaque
611 1846 645 1911 in
659 1847 740 1912 urbe
754 1846 885 1925 domus,
904 1848 1065 1932 rumpitur
1077 1847 1211 1913 invidia.

289 1948 334 2013 Et
348 1964 388 2013 x.
402 1945 456 2013 68.

374 2050 469 2114 Dura
482 2048 663 2114 suburbani
677 2048 756 2115 dum
765 2048 888 2133 jugera
901 2050 1075 2132 pascimus
1089 2049 1171 2132 agri,

414 2148 625 2232 Vicinosque
640 2149 712 2228 tibi,
734 2158 848 2215 saneta
862 2149 1011 2229 Quirine,
1026 2150 1125 2215 lares.

287 2250 373 2317 Item
390 2266 471 2313 vrrr.
484 2249 539 2314 61.

371 2350 439 2415 Sed
453 2350 545 2434 quod
560 2351 719 2415 suburbe
733 2370 791 2415 rus
805 2351 965 2416 habemus
978 2352 1145 2429 aestivum,

370 2449 596 2535 Vehimurque
610 2450 720 2531 mulis,
734 2471 812 2530 uon,
827 2459 866 2517 ut
880 2458 968 2531 aute,
983 2450 1169 2516 conductis.

286 2553 455 2621 Praedium
470 2552 719 2618 Nomentanum
732 2553 884 2636 pluribus
895 2553 1075 2619 versiculis
1088 2551 1245 2618 nobilitat
1260 2570 1309 2619 ιν.
1323 2555 1376 2619 da

286 2670 352 2721 vu.
366 2654 422 2721 93.
445 2671 484 2720 x.
497 2655 553 2720 48.
566 2655 667 2719 etbt.
691 2669 778 2719 xur.
794 2655 868 2720 119.

327 2753 439 2820 Italiae
451 2772 585 2839 quoque
599 2758 725 2836 partem
742 2773 817 2818 eam
829 2755 913 2820 obiit
925 2754 1039 2839 po'dta,
1060 2773 1160 2837 quum
1175 2753 1256 2818 olim
1270 2755 1377 2819 AEmi-

282 2854 375 2932 liam,
401 2871 462 2918 seu
489 2859 635 2936 togatam
659 2853 809 2924 Galliam
831 2854 959 2934 dixere,
987 2873 1076 2919 uunc
1099 2852 1302 2920 lumbardia
1324 2857 1375 2921 eis

283 2953 416 3020 Padum
437 2959 652 3038 uuncupatur,
682 2955 796 3039 ibique
823 2956 1053 3021 nobilissimas
1079 2956 1181 3020 urbes
1204 2955 1374 3022 lustravit:

275 3053 407 3120 ¹Forum
417 3053 565 3120 Cornelii
579 3073 640 3121 seu
656 3053 843 3136 Immolam,
854 3058 944 3122 unde
958 3059 1090 3122 tertium
1101 3057 1372 3140 epigrammatum

282 3153 403 3222 librum
415 3157 535 3234 emisit,
549 3162 589 3221 ut
604 3172 659 3219 111.
672 3157 705 3221 1.
720 3163 753 3222 et
764 3159 797 3221 4.
812 3159 949 3223 scribit:

366 3255 447 3323 Hoc
460 3257 532 3334 tibi,
547 3255 711 3341 quidquid
725 3257 761 3321 id
776 3264 840 3337 est,
854 3257 1046 3343 longinquis
1059 3257 1160 3325 mittit
1171 3257 1215 3323 ab
1230 3259 1298 3323 oris

408 3356 533 3436 Gallia,
548 3355 710 3425 &manae
724 3361 856 3425 nomine
868 3360 962 3426 dicta
974 3365 1071 3444 togae.

366 3557 416 3636 st,
431 3558 556 3643 quibus
569 3560 603 3625 in
617 3562 727 3641 terris,
742 3580 812 3647 qua
824 3563 929 3628 simus
942 3565 976 3630 in
989 3566 1072 3629 urbe
1084 3564 1226 3648 rogabit,

407 3659 540 3726 Corneli
554 3662 675 3728 referas
688 3683 743 3729 me
757 3665 840 3729 lieet
852 3685 927 3731 esse
939 3666 1022 3730 foro.

278 3759 475 3826 Ravennam
488 3763 580 3841 item,
594 3764 675 3828 olim
689 3770 795 3848 caput
809 3765 937 3845 Pioeui,
957 3772 995 3830 ut
1009 3770 1103 3829 vetus
1117 3764 1217 3828 doeet
1229 3765 1369 3848 iuscrip-

277 3860 335 3925 tio.
379 3859 426 3925 Et
446 3860 483 3930 iu
497 3860 700 3929 Venetorum
723 3884 803 3948 agro
826 3864 986 3945 Altinum,
1009 3866 1061 3930 uti
1084 3869 1119 3930 et
1143 3865 1321 3931 Patavium
1336 3872 1370 3932 et

277 3960 482 4047 Aquileiam,
496 3965 557 4029 &a
599 3963 790 4048 Aquileiam
813 3964 894 4032 Fori
917 3965 939 4032 J
942 3965 1004 4031 ulii
1027 3963 1216 4050 primariam
1237 3967 1367 4045 urbem,

277 4081 354 4146 quae
367 4064 519 4130 ciuitates
529 4064 612 4134 adeo
623 4064 732 4150 politae
744 4067 893 4146 arrisere,
907 4075 947 4132 nt
956 4065 1175 4144 constituerit,
1187 4074 1368 4133 extremam

275 4163 343 4230 illis
358 4171 495 4233 aetatem
509 4185 723 4233 consecrare:
746 4168 796 4232 sic
811 4168 899 4234 enim
914 4183 964 4231 ιν.
977 4167 1030 4233 24.
1044 4172 1200 4233 testatur:
