3159 4925
299 423 342 487 12
658 441 696 487 u.
720 440 806 487 vnn.
831 438 1040 488 unnrranrs

362 582 462 648 Hanc
477 581 539 647 tibi
555 580 682 685 Fronto
697 590 805 667 pater,
820 582 961 665 genitrix
977 580 1140 647 Flaccilla
1154 580 1311 665 puellam.

298 686 475 759 Parentem
489 690 602 748 tamen
613 683 774 748 affirmem
784 682 890 765 aliqui
901 702 1047 766 coquum
1057 682 1185 748 dictum
1196 682 1397 764 lectumque.

299 786 449 851 Uxorem
463 785 584 849 babuit
598 784 753 852 Clodiam
770 784 969 851 Marcellam
991 804 1036 849 ex
1054 791 1152 868 gente
1167 783 1315 849 Claudia
1327 783 1399 866 ple·

205 930 211 941 ·
300 888 391 966 beia,
406 886 465 951 lib.
481 902 552 951 xri.
566 886 621 951 21.

368 1054 371 1059 .
386 987 598 1071 Municipem
611 988 711 1072 rigidi
726 990 803 1073 quis
816 996 861 1069 te,
875 987 1053 1068 Marcella,
1067 987 1212 1067 Salonis,

431 1090 475 1155 Et
488 1091 632 1174 genitam
643 1091 765 1156 nocuis
780 1090 859 1176 quis
873 1095 968 1174 putet
982 1110 1059 1156 esse
1072 1089 1180 1155 locist

304 1199 339 1257 et
352 1210 451 1257 mox:

385 1292 437 1357 Te
453 1292 524 1356 cito
540 1290 660 1356 ridebit
674 1292 866 1376 peregrinus
881 1291 1002 1357 Clodia
1015 1297 1146 1377 partus,

431 1392 622 1458 Romanam
633 1390 734 1457 ducat
748 1410 851 1476 quarn
865 1393 973 1475 magis
986 1412 1063 1457 esse
1076 1410 1207 1456 nnrnrn.

303 1492 357 1557 Ita
371 1492 533 1561 distichon
555 1494 619 1558 boc
642 1493 723 1576 legit
743 1490 920 1577 Josopbns
943 1492 1095 1574 Scaliger
1119 1490 1165 1556 ad
1185 1491 1267 1555 illud
1288 1490 1402 1557 Catul-

304 1594 449 1658 lianum:
831 1657 835 1666 ,

433 1692 544 1758 Dulce
557 1692 665 1758 rideat
682 1693 726 1756 ad
740 1698 876 1776 patrern.

305 1792 361 1856 Ex
376 1792 535 1859 Martiale
555 1798 667 1857 tamen
689 1792 807 1871 discis,
826 1793 982 1859 Clodiam
1004 1791 1092 1857 banc
1116 1790 1313 1856 Marcellam
1335 1811 1404 1858 non

305 1894 511 1972 Romanam,
537 1894 596 1959 sed
624 1894 816 1979 Hispanam
837 1903 875 1959 et
900 1894 1128 1960 Bilbilitanam
1150 1894 1261 1976 patria
1279 1892 1405 1975 fuisse3

304 2000 345 2060 nt
363 1994 480 2061 merito
503 1994 655 2060 dubitare
678 1996 808 2078 possis,
832 2014 938 2063 anex
960 2002 1059 2079 gente
1080 1994 1226 2061 claudia
1248 1993 1405 2061 Romana

304 2095 404 2161 fuerit
415 2096 491 2161 baec
504 2093 690 2161 Marcella:
713 2114 845 2161 versam
865 2116 944 2181 ergo
967 2094 1132 2161 Martialis
1155 2096 1280 2161 rectius
1298 2096 1406 2180 scrip·

286 2179 416 2273 'serim
431 2204 472 2262 ut
485 2204 565 2262 ante
585 2196 723 2263 babuit:

393 2296 471 2363 Nee
484 2298 552 2362 cito
566 2296 690 2361 ridebit
703 2298 868 2383 peregrini
882 2297 990 2380 gloria
1004 2302 1131 2380 partus.

309 2396 349 2460 In
363 2398 474 2482 patria
488 2397 658 2467 laudanda
672 2403 741 2466 turn
763 2400 906 2482 diligens
928 2405 962 2464 et
978 2398 1141 2484 iroqnoru
1167 2404 1233 2476 est,
1256 2402 1295 2463 nt
1317 2396 1406 2463 illins

309 2499 575 2564 amantissimum
591 2500 691 2568 facile
706 2501 891 2582 intelligas:
913 2519 938 2567 r.
951 2501 1010 2566 62.
1028 2517 1030 2520 ⁴

394 2597 458 2678 Te,
473 2601 658 2681 Liciniano,
674 2603 872 2683 gloriabitur
883 2609 1014 2678 nosue,

439 2698 516 2765 Nec
530 2719 584 2765 me
600 2703 726 2768 tacebit
744 2702 891 2768 Bilbilis.

310 2797 385 2864 Lib.
400 2801 530 2878 eodem,
546 2821 600 2885 ap.
616 2803 671 2866 5⁰.
770 2863 772 2868 .

440 2899 506 2966 Vir
520 2900 698 2968 Celtiberis
712 2921 777 2968 non
792 2905 934 2970 tacende
947 2908 1111 2989 gentibns,

488 3001 688 3086 Nostraeque
701 3001 774 3068 lans
790 3003 982 3088 Hispaniae,

441 3101 588 3168 Videbis
603 3105 717 3182 altam,
734 3105 920 3189 Liciniane,
935 3108 1083 3189 Bilbilin,

486 3203 592 3287 Equis
606 3211 642 3269 et
655 3204 756 3270 armis
770 3206 929 3271 nobilem.

316 3305 389 3368 lib.
406 3320 444 3368 x.
458 3303 532 3370 103.

402 3405 605 3489 Municipes,
618 3405 771 3489 Augusta
785 3408 865 3474 milri
879 3429 965 3494 qnos
980 3410 1115 3475 bilbilis
1128 3413 1195 3475 acri

445 3503 563 3572 Monte
578 3513 681 3586 creat,
695 3510 824 3593 rapidis
836 3531 922 3595 qnos
936 3511 1019 3578 Salo
1031 3512 1261 3596 cingitnqnia3

402 3607 532 3692 Ecquid
546 3611 626 3674 laeta
634 3609 732 3693 juvat
745 3611 846 3676 vestri
860 3631 922 3678 vos
935 3613 1038 3696 gloria
1050 3613 1161 3679 vatisl

446 3708 538 3773 Nam
551 3710 658 3774 decus
671 3717 707 3774 et
720 3729 850 3790 nomen,
866 3712 1023 3796 lanaque
1036 3721 1152 3779 vestra
1164 3728 1295 3777 snmus.

319 3808 365 3874 Et
377 3827 457 3872 mox
471 3809 505 3871 in
519 3809 683 3892 sequenti:

448 3907 547 3972 Illinc
562 3914 594 3972 te
609 3913 682 3973 rota
695 3909 802 3986 tollet,
815 3918 850 3975 et
863 3911 988 4001 citatus

321 4055 324 4062 .
448 4005 561 4072 Altam
576 4007 726 4086 Bilbilin,
740 4015 774 4073 et
785 4017 881 4075 tunm
895 4012 1054 4078 Salonem

449 4105 578 4188 Quinto
592 4107 730 4175 forsitan
744 4109 863 4178 essodo
877 4111 1019 4177 videbis.
