3159 4925
190 412 193 420 .
265 380 346 451 362.
626 402 665 449 rr.
690 402 776 452 vsu.
799 404 1013 456 marianus

266 540 388 621 Parce,
402 547 515 627 pater:
538 546 587 611 sio
601 545 795 612 Lemniacis
809 549 939 615 lasciva
953 552 1085 617 catenis

310 644 469 726 Ignoscat
483 647 622 732 conjux,
636 656 672 713 et
684 651 849 734 patienter
864 662 966 718 amet.

264 792 300 844 sie
308 795 418 858 pelslm
425 810 486 846 eser
491 802 575 861 porcat
586 796 719 847 umaro
727 801 827 863 caesis,
834 806 859 850 et
868 801 961 865 placide
969 802 1056 865 diliget
1068 808 1100 854 le.

728 906 786 925 oen
789 906 907 928 menet

266 973 373 1020 sua-8
389 971 542 1035 Rutgersius
551 975 689 1039 legendnm
700 983 811 1027 censet:
828 979 980 1043 etnpiesur
995 986 1078 1039 seete
1093 979 1195 1031 utillud
1212 980 1371 1043 ‘Deprendi

267 1042 377 1097 vetate,
400 1038 502 1099 Lesbia,
522 1052 584 1100 non,
600 1043 652 1089 osc.
695 1040 842 1091 Gronovius
863 1046 971 1107 exponit
996 1045 1117 1109 psliesler
1134 1050 1208 1107 esset,
1236 1044 1371 1095 mles-ste

267 1104 346 1161 amet,
354 1108 383 1151 et
394 1116 426 1152 ne
438 1103 539 1153 laboret
548 1104 711 1168 impatientis
719 1106 914 1169 ergeMsrtesu.
936 1110 1076 1161 Palmssnl
1086 1110 1170 1162 codex
1184 1125 1192 1160 s
1210 1114 1235 1161 et
1249 1110 1368 1174 potitam

266 1178 339 1215 erues.

767 1233 874 1284 NOTAE

298 1328 314 1374 7
332 1324 417 1391 Perse,
429 1328 512 1393 puter]
530 1329 672 1381 Vulcanum
693 1336 796 1395 pstrenr
837 1340 943 1383 estense
961 1332 1100 1385 ishriesvit
1121 1333 1264 1397 Vulcsnus,
1277 1333 1370 1399 quihus

266 1402 382 1471 sppellst
400 1418 431 1453 eo
449 1418 535 1469 unsu,
545 1422 596 1472 qno
618 1408 687 1458 lieos
706 1422 796 1459 ornnes
838 1408 953 1459 hiertcrn
964 1424 1023 1459 cunr
1034 1412 1137 1461 Venere
1148 1410 1175 1459 in
1186 1411 1316 1460 sslulterio
1329 1411 1373 1460 ele·

266 1488 354 1541 peltes
370 1480 499 1531 hominurn
528 1492 672 1545 uocantur,
700 1486 796 1535 etenim
837 1484 1119 1553 prehensumilligsvit.
1152 1484 1372 1536 Hecfshnlass·

227 1562 231 1571 '
262 1553 396 1604 Vulcsnus
406 1570 455 1605 noo
471 1564 513 1607 est
528 1558 698 1609 Romanorum
711 1568 796 1623 pater,
839 1559 871 1607 tis
883 1569 953 1611 uota.
986 1560 1146 1611 Seosusestt
1170 1560 1259 1611 Venus
1268 1562 1370 1625 injurie

265 1629 405 1681 sedhlers.
838 1652 855 1685 s
875 1644 902 1685 te
928 1649 1045 1701 recepte
1081 1637 1260 1700 obliviscatur,
1291 1646 1370 1701 teque

299 1705 342 1755 Sic
360 1706 505 1773 hauan]
540 1708 570 1759 ln
594 1712 690 1761 Lemno
713 1711 799 1763 insule
838 1713 953 1777 quamvls
973 1714 1094 1767 clsudsur
1115 1722 1145 1765 et
1163 1712 1307 1765 deformem
1326 1729 1371 1779 ps·
1417 1760 1421 1767 .

266 1780 340 1845 Εἰμὶ
360 1785 449 1847 neris,
468 1783 801 1851 sententiantium,
839 1790 1023 1843 tienterssset.

762 1938 868 2007 Vlll.

696 2060 745 2107 nn
762 2060 942 2107 rausrnn.

396 2148 573 2215 Eurornrr
590 2152 739 2231 Domini,
759 2154 886 2238 Deique
900 2156 1019 2234 nostri,

397 2250 475 2333 Quo
491 2254 650 2321 subsellia
666 2258 807 2320 certiora
822 2256 914 2335 flunt,

397 2354 441 2418 Et
456 2374 556 2437 puros
571 2376 675 2441 equos
691 2360 823 2423 ordines
839 2362 979 2443 recepit,

398 2456 488 2524 Dum
503 2458 619 2528 laudat
633 2463 735 2528 modo
752 2463 878 2530 Phasis
894 2465 929 2528 in
944 2465 1085 2544 theatro,

394 2559 517 2625 Phasis
534 2566 713 2647 purpureis
728 2567 849 2629 rubens
863 2566 1021 2643 lacernis,
1343 2570 1367 2632 5

397 2661 440 2729 Ei
449 2663 562 2746 jactat
578 2667 706 2732 tumido
721 2687 759 2730 sn
765 2669 889 2749 petbus
903 2686 961 2731 ore
975 2689 984 2732 ε

297 2827 363 2878 Dsrs
375 2827 462 2878 Pissis
477 2830 503 2878 is
520 2831 622 2894 theatro,
637 2831 720 2880 Phasis
730 2829 802 2880 raher
816 2831 942 2896 purpureis
952 2829 1061 2889 mm,
1072 2829 1139 2878 esso
1150 2831 1294 2878 mundet
1305 2831 1370 2879 edie-

265 2897 316 2942 ssa
328 2893 437 2955 Domini,
444 2897 467 2942 et
482 2893 593 2942 Numinis
603 2896 689 2956 nostri,
700 2911 745 2958 quo
760 2898 828 2945 sedes
842 2897 928 2945 certius
938 2894 1128 2955 distingueretur,
1138 2900 1207 2957 utpss
1217 2893 1311 2943 orriirm
1326 2910 1373 2944 sess

264 2955 379 3020 permffli
394 2972 452 3006 curu
469 2957 546 3022 plebe
565 2961 682 3022 assignati
697 2964 754 3008 sust
764 2961 847 3024 equiti,
863 2965 934 3023 elque
949 2973 1066 3020 srrsgsss
1074 2959 1193 3019 gloriose
1207 2973 1247 3008 ore
1257 2957 1373 3023 rupeis:

298 3133 338 3184 De
354 3137 430 3185 erliclu
449 3135 557 3186 Caessris
570 3135 719 3186 inscribitur
743 3137 769 3185 in
796 3136 887 3187 codice
913 3134 1107 3186 Polemoni-⁶
1140 3133 1225 3183 rina
1245 3135 1374 3199 perpessis

265 3199 337 3248 raher
353 3199 379 3249 in
397 3197 459 3250 Ald.
474 3200 550 3252 Just.
569 3203 652 3254 colio.
663 3199 763 3267 Gryph.
773 3199 879 3254 luniso.
891 3202 972 3266 Lsng.
985 3201 1105 3250 Prrlmsn.
1116 3201 1168 3251 ise.
1178 3197 1264 3248 eslere
1275 3201 1371 3250 Beter-

266 3263 336 3314 lsndl
347 3265 399 3315 hle.

762 3328 873 3380 NOTAE

298 3433 310 3480 1
328 3429 439 3482 Edictum
448 3429 557 3496 Dossisss
569 3430 719 3481 Domitiani.
736 3429 799 3480 Sue·
872 3433 887 3478 i
907 3428 940 3477 Et
956 3443 1026 3490 puros
1044 3425 1124 3491 eques]
1145 3425 1255 3476 Seorsirn
1267 3440 1282 3474 e
1294 3423 1370 3492 plebe

265 3508 352 3558 tonius
362 3509 388 3558 in
399 3509 547 3558 Domitiano
556 3523 614 3570 esp.
627 3510 666 3556 li.
691 3505 798 3555 ‘Domi-
839 3505 912 3555 ludos
924 3503 1079 3568 spectabunt
1092 3501 1202 3567 equites.

264 3599 312 3633 nus
328 3592 357 3634 et
376 3584 449 3634 Deus
466 3594 556 3635 noster
573 3585 609 3634 sic
628 3581 684 3634 fieri
700 3582 798 3650 jubet!
873 3585 889 3630 4
908 3581 1005 3646 l’lsusis]
1033 3577 1218 3644 albertusque
1230 3584 1302 3628 reste
1314 3591 1372 3640 pur-

266 3659 431 3710 Doaritisnus
462 3677 524 3726 ergo
553 3661 686 3711 renovavit
713 3663 798 3723 legem
841 3654 1373 3723 pnresinrlutnserst,urelderetnreqnes.

265 3735 395 3798 Rosciam,
411 3752 463 3802 qna
480 3738 543 3786 rrrrlll
561 3737 587 3787 iu
604 3737 798 3802 quatuordecim
841 3735 899 3786 Lib.
913 3749 952 3786 rr.
965 3735 1073 3798 Epignl.
1103 3731 1224 3796 Legimus
1233 3732 1373 3793 Romanos,

265 3813 381 3876 eqrritunr
393 3813 522 3864 surhselliis
534 3813 627 3864 sedere
639 3813 799 3876 lieeret‚nisi
840 3825 898 3860 cum
918 3809 1076 3874 spectaculis
1096 3806 1226 3868 edesseni,
1256 3807 1372 3857 restibus

264 3889 301 3939 illi
316 3889 368 3954 ,qui
387 3889 496 3940 haberet
516 3904 621 3940 censum
643 3898 799 3955 equestrem,
840 3888 965 3950 candidis,
976 3889 1053 3936 immo
1074 3894 1101 3936 et
1118 3885 1208 3947 nigris,
1224 3885 1273 3935 hoe
1284 3892 1371 3935 sutem

265 3965 539 4032 quadragintsuempe
551 3967 698 4016 sestertium
711 3965 798 4018 millis.
839 3966 898 4015 loco
915 3965 994 4013 etiarn
1007 3962 1089 4011 rubris
1105 3977 1164 4010 usos
1184 3959 1283 4022 fuisse,
1302 3960 1373 4010 unde

297 4047 314 4093 ἢ
331 4041 457 4108 subsellio]
473 4043 538 4094 Ques
547 4042 658 4106 triplicis
669 4041 743 4094 luere
754 4057 798 4108 ge·
839 4043 962 4104 colligere
973 4041 1044 4102 licet,
1058 4039 1151 4087 unllam
1167 4039 1250 4100 legem
1264 4037 1373 4102 jussisse

265 4121 353 4171 neriss
369 4121 395 4169 in
416 4119 505 4186 primis
516 4121 642 4171 sedebant
653 4122 801 4184 Senatores,
841 4125 870 4168 ut
884 4115 996 4166 madida
1014 4123 1097 4173 reste,
1115 4113 1231 4178 quamvis
1249 4115 1374 4174 solerent,

266 4195 293 4245 in
303 4195 422 4245 secundis
433 4196 551 4262 Equites,
562 4195 637 4264 plebs
649 4207 713 4248 uero
722 4212 798 4250 oecu-
839 4199 986 4242 uterentur.
1019 4189 1159 4252 Augustus,
1170 4197 1239 4238 teste
1248 4189 1373 4239 Suetonio

268 4269 449 4334 pshsttertis.
838 4269 865 4318 iu
885 4267 1002 4332 Augusto
1014 4279 1072 4330 esp.
1092 4268 1133 4317 lo.
1152 4264 1321 4330 prohibuerat
1339 4281 1372 4316 ne
