<?xml version="1.0" encoding="UTF-8"?>
<!DOCTYPE html PUBLIC "-//W3C//DTD XHTML 1.0 Transitional//EN"
    "http://www.w3.org/TR/xhtml1/DTD/xhtml1-transitional.dtd">
<html xmlns="http://www.w3.org/1999/xhtml" xml:lang="en" lang="en">
 <head>
  <title>
</title>
<meta http-equiv="Content-Type" content="text/html;charset=utf-8" />
  <meta name='ocr-system' content='tesseract 3.04.00' />
  <meta name='ocr-capabilities' content='ocr_page ocr_carea ocr_par ocr_line ocrx_word'/>
</head>
<body>
  <div class='ocr_page' id='page_1' title='image "./marcivaleriimar05martgoog_0011.png"; bbox 0 0 3159 4925; ppageno 0'>
   <div class='ocr_carea' id='block_1_1' title="bbox 591 1047 757 1097">
    <p class='ocr_par' dir='ltr' id='par_1_1' title="bbox 591 1047 757 1097">
     <span class='ocr_line' id='line_1_1' title="bbox 591 1047 757 1097; baseline 0.006 -1"><span class='ocrx_word' id='word_1_1' title='bbox 591 1058 593 1061; x_wconf 83' lang='lat'>&#39;</span> <span class='ocrx_word' id='word_1_2' title='bbox 709 1047 757 1097; x_wconf 76' lang='lat' dir='ltr'><strong>ab</strong></span> 
     </span>
    </p>
   </div>
   <div class='ocr_carea' id='block_1_2' title="bbox 372 1254 1088 1353">
    <p class='ocr_par' dir='ltr' id='par_1_2' title="bbox 372 1254 1088 1353">
     <span class='ocr_line' id='line_1_2' title="bbox 372 1254 1088 1353; baseline 0.01 -11"><span class='ocrx_word' id='word_1_3' title='bbox 372 1254 1088 1353; x_wconf 81' lang='lat' dir='ltr'><strong>LECTORE&#39;S.</strong></span> 
     </span>
    </p>
   </div>
   <div class='ocr_carea' id='block_1_3' title="bbox 505 1600 956 1658">
    <p class='ocr_par' dir='ltr' id='par_1_3' title="bbox 505 1600 956 1658">
     <span class='ocr_line' id='line_1_3' title="bbox 505 1600 956 1658; baseline 0.013 -7"><span class='ocrx_word' id='word_1_4' title='bbox 505 1600 553 1651; x_wconf 83' lang='lat' dir='ltr'><strong>EX</strong></span> <span class='ocrx_word' id='word_1_5' title='bbox 569 1602 752 1657; x_wconf 81' lang='lat' dir='ltr'>EDITIONE</span> <span class='ocrx_word' id='word_1_6' title='bbox 769 1604 956 1658; x_wconf 67' lang='lat' dir='ltr'><strong>danuam.</strong></span> 
     </span>
    </p>
   </div>
   <div class='ocr_carea' id='block_1_4' title="bbox 175 1880 1277 2693">
    <p class='ocr_par' dir='ltr' id='par_1_4' title="bbox 175 1880 1277 2693">
     <span class='ocr_line' id='line_1_4' title="bbox 182 1880 1277 1991; baseline 0.004 -24"><span class='ocrx_word' id='word_1_7' title='bbox 182 1880 416 1971; x_wconf 73' lang='lat' dir='ltr'><strong>Passnmuu</strong></span> <span class='ocrx_word' id='word_1_8' title='bbox 432 1906 588 1985; x_wconf 86' lang='lat' dir='ltr'><strong>Paulum,</strong></span> <span class='ocrx_word' id='word_1_9' title='bbox 601 1907 813 1990; x_wconf 82' lang='lat' dir='ltr'><strong>splendidum</strong></span> <span class='ocrx_word' id='word_1_10' title='bbox 828 1909 979 1991; x_wconf 77' lang='lat' dir='ltr'><strong>equitem</strong></span> <span class='ocrx_word' id='word_1_11' title='bbox 990 1906 1190 1985; x_wconf 87' lang='lat' dir='ltr'><strong>Romanum,</strong></span> <span class='ocrx_word' id='word_1_12' title='bbox 1201 1906 1277 1971; x_wconf 83' lang='lat' dir='ltr'><strong>Ele-</strong></span> 
     </span>
     <span class='ocr_line' id='line_1_5' title="bbox 178 2008 1275 2093; baseline 0 -23"><span class='ocrx_word' id='word_1_13' title='bbox 178 2025 241 2087; x_wconf 81' lang='lat' dir='ltr'><strong>gos</strong></span> <span class='ocrx_word' id='word_1_14' title='bbox 256 2026 342 2089; x_wconf 88' lang='lat' dir='ltr'><strong>quos</strong></span> <span class='ocrx_word' id='word_1_15' title='bbox 356 2008 483 2073; x_wconf 88' lang='lat' dir='ltr'><strong>erudito</strong></span> <span class='ocrx_word' id='word_1_16' title='bbox 497 2008 678 2092; x_wconf 79' lang='lat' dir='ltr'><strong>scripserat</strong></span> <span class='ocrx_word' id='word_1_17' title='bbox 700 2010 926 2086; x_wconf 74' lang='lat' dir='ltr'><strong>recitaturum,</strong></span> <span class='ocrx_word' id='word_1_18' title='bbox 942 2014 1044 2092; x_wconf 88' lang='lat' dir='ltr'><strong>atque</strong></span> <span class='ocrx_word' id='word_1_19' title='bbox 1058 2010 1275 2093; x_wconf 81' lang='lat' dir='ltr'><strong>incipientem</strong></span> 
     </span>
     <span class='ocr_line' id='line_1_6' title="bbox 179 2105 1275 2192; baseline -0.001 -21"><span class='ocrx_word' id='word_1_20' title='bbox 179 2105 290 2171; x_wconf 90' lang='lat' dir='ltr'><strong>dicere</strong></span> <span class='ocrx_word' id='word_1_21' title='bbox 304 2111 315 2141; x_wconf 89' lang='lat'>‘</span> <span class='ocrx_word' id='word_1_22' title='bbox 330 2106 446 2172; x_wconf 87' lang='lat' dir='ltr'><strong>Prisce</strong></span> <span class='ocrx_word' id='word_1_23' title='bbox 454 2106 578 2192; x_wconf 79' lang='lat' dir='ltr'><strong>Jubes,&#39;</strong></span> <span class='ocrx_word' id='word_1_24' title='bbox 593 2108 615 2173; x_wconf 87' lang='lat' dir='ltr'>J</span> <span class='ocrx_word' id='word_1_25' title='bbox 618 2110 780 2174; x_wconf 88' lang='lat' dir='ltr'><strong>abolenus</strong></span> <span class='ocrx_word' id='word_1_26' title='bbox 800 2109 936 2192; x_wconf 85' lang='lat' dir='ltr'><strong>quidam</strong></span> <span class='ocrx_word' id='word_1_27' title='bbox 957 2109 1096 2173; x_wconf 81' lang='lat' dir='ltr'><strong>Priscus</strong></span> <span class='ocrx_word' id='word_1_28' title='bbox 1119 2110 1179 2191; x_wconf 90' lang='lat' dir='ltr'><strong>qui</strong></span> <span class='ocrx_word' id='word_1_29' title='bbox 1196 2108 1275 2171; x_wconf 91' lang='lat' dir='ltr'><strong>ade-</strong></span> 
     </span>
     <span class='ocr_line' id='line_1_7' title="bbox 178 2206 1277 2291; baseline 0.001 -20"><span class='ocrx_word' id='word_1_30' title='bbox 178 2212 242 2283; x_wconf 85' lang='lat' dir='ltr'><strong>rat,</strong></span> <span class='ocrx_word' id='word_1_31' title='bbox 258 2206 367 2271; x_wconf 92' lang='lat' dir='ltr'><strong>Paulo</strong></span> <span class='ocrx_word' id='word_1_32' title='bbox 382 2207 516 2289; x_wconf 91' lang='lat' dir='ltr'><strong>quidem</strong></span> <span class='ocrx_word' id='word_1_33' title='bbox 530 2208 672 2285; x_wconf 87' lang='lat' dir='ltr'><strong>amicus,</strong></span> <span class='ocrx_word' id='word_1_34' title='bbox 688 2209 748 2273; x_wconf 88' lang='lat' dir='ltr'><strong>sed</strong></span> <span class='ocrx_word' id='word_1_35' title='bbox 770 2210 844 2291; x_wconf 83' lang='lat' dir='ltr'><strong>ipse</strong></span> <span class='ocrx_word' id='word_1_36' title='bbox 859 2209 973 2274; x_wconf 81' lang='lat' dir='ltr'><strong>dubiae</strong></span> <span class='ocrx_word' id='word_1_37' title='bbox 998 2210 1163 2289; x_wconf 81' lang='lat' dir='ltr'><strong>sanitatis,</strong></span> <span class='ocrx_word' id='word_1_38' title='bbox 1177 2209 1277 2273; x_wconf 92' lang='lat' dir='ltr'><strong>inter·</strong></span> 
     </span>
     <span class='ocr_line' id='line_1_8' title="bbox 177 2307 1275 2393; baseline 0.004 -22"><span class='ocrx_word' id='word_1_39' title='bbox 177 2307 328 2390; x_wconf 88' lang='lat' dir='ltr'><strong>pellarit,</strong></span> <span class='ocrx_word' id='word_1_40' title='bbox 365 2307 462 2390; x_wconf 82' lang='lat' dir='ltr'><strong>‘Ego</strong></span> <span class='ocrx_word' id='word_1_41' title='bbox 491 2308 591 2386; x_wconf 81' lang='lat' dir='ltr'><strong>vero,&#39;</strong></span> <span class='ocrx_word' id='word_1_42' title='bbox 628 2310 794 2393; x_wconf 88' lang='lat' dir='ltr'><strong>inquiens,</strong></span> <span class='ocrx_word' id='word_1_43' title='bbox 831 2314 924 2375; x_wconf 87' lang='lat' dir='ltr'><strong>‘non</strong></span> <span class='ocrx_word' id='word_1_44' title='bbox 956 2309 1085 2392; x_wconf 70' lang='lat' dir='ltr'><strong>jubeo.⁹</strong></span> <span class='ocrx_word' id='word_1_45' title='bbox 1145 2309 1275 2375; x_wconf 92' lang='lat' dir='ltr'><strong>Oborto</strong></span> 
     </span>
     <span class='ocr_line' id='line_1_9' title="bbox 178 2408 1276 2494; baseline 0.002 -20"><span class='ocrx_word' id='word_1_46' title='bbox 178 2408 381 2474; x_wconf 87' lang='lat' dir='ltr'><strong>audientium</strong></span> <span class='ocrx_word' id='word_1_47' title='bbox 399 2409 481 2486; x_wconf 91' lang='lat' dir='ltr'><strong>risu,</strong></span> <span class='ocrx_word' id='word_1_48' title='bbox 496 2428 566 2474; x_wconf 92' lang='lat' dir='ltr'><strong>non</strong></span> <span class='ocrx_word' id='word_1_49' title='bbox 580 2409 718 2475; x_wconf 89' lang='lat' dir='ltr'><strong>dubium</strong></span> <span class='ocrx_word' id='word_1_50' title='bbox 736 2417 792 2476; x_wconf 86' lang='lat' dir='ltr'><strong>est</strong></span> <span class='ocrx_word' id='word_1_51' title='bbox 804 2410 885 2494; x_wconf 87' lang='lat' dir='ltr'><strong>quin</strong></span> <span class='ocrx_word' id='word_1_52' title='bbox 905 2410 1015 2476; x_wconf 83' lang='lat' dir='ltr'><strong>Paulo</strong></span> <span class='ocrx_word' id='word_1_53' title='bbox 1031 2411 1141 2476; x_wconf 82' lang='lat' dir='ltr'><strong>aliena</strong></span> <span class='ocrx_word' id='word_1_54' title='bbox 1155 2410 1276 2476; x_wconf 82' lang='lat' dir='ltr'><strong>debra-</strong></span> 
     </span>
     <span class='ocr_line' id='line_1_10' title="bbox 177 2510 1276 2596; baseline 0.002 -22"><span class='ocrx_word' id='word_1_55' title='bbox 177 2510 226 2574; x_wconf 88' lang='lat' dir='ltr'><strong>tio</strong></span> <span class='ocrx_word' id='word_1_56' title='bbox 237 2511 446 2595; x_wconf 84' lang='lat' dir='ltr'><strong>aliquantum</strong></span> <span class='ocrx_word' id='word_1_57' title='bbox 457 2511 590 2595; x_wconf 80' lang='lat' dir='ltr'><strong>fiigoris</strong></span> <span class='ocrx_word' id='word_1_58' title='bbox 605 2513 766 2577; x_wconf 84' lang='lat' dir='ltr'><strong>attulerit.</strong></span> <span class='ocrx_word' id='word_1_59' title='bbox 788 2511 899 2596; x_wconf 81' lang='lat' dir='ltr'><strong>Atque</strong></span> <span class='ocrx_word' id='word_1_60' title='bbox 914 2512 993 2576; x_wconf 89' lang='lat' dir='ltr'><strong>binc</strong></span> <span class='ocrx_word' id='word_1_61' title='bbox 1005 2518 1120 2576; x_wconf 91' lang='lat' dir='ltr'><strong>monet</strong></span> <span class='ocrx_word' id='word_1_62' title='bbox 1134 2511 1276 2590; x_wconf 81' lang='lat' dir='ltr'><strong>Plinius,</strong></span> 
     </span>
     <span class='ocr_line' id='line_1_11' title="bbox 175 2611 1275 2693; baseline 0.001 -18"><span class='ocrx_word' id='word_1_63' title='bbox 175 2611 501 2693; x_wconf 82' lang='lat' dir='ltr'><strong>providendumesse</strong></span> <span class='ocrx_word' id='word_1_64' title='bbox 512 2617 579 2678; x_wconf 87' lang='lat' dir='ltr'><strong>tam</strong></span> <span class='ocrx_word' id='word_1_65' title='bbox 592 2613 722 2678; x_wconf 88' lang='lat' dir='ltr'><strong>solicite</strong></span> <span class='ocrx_word' id='word_1_66' title='bbox 732 2613 942 2689; x_wconf 85' lang='lat' dir='ltr'><strong>recitaturis,¹</strong></span> <span class='ocrx_word' id='word_1_67' title='bbox 952 2629 1020 2675; x_wconf 94' lang='lat' dir='ltr'><strong>non</strong></span> <span class='ocrx_word' id='word_1_68' title='bbox 1030 2614 1137 2676; x_wconf 89' lang='lat' dir='ltr'><strong>solum</strong></span> <span class='ocrx_word' id='word_1_69' title='bbox 1152 2619 1192 2676; x_wconf 91' lang='lat' dir='ltr'><strong>ut</strong></span> <span class='ocrx_word' id='word_1_70' title='bbox 1206 2613 1275 2677; x_wconf 87' lang='lat' dir='ltr'><strong>sint</strong></span> 
     </span>
    </p>
   </div>
   <div class='ocr_carea' id='block_1_5' title="bbox 176 2705 1396 2797">
    <p class='ocr_par' dir='ltr' id='par_1_5' title="bbox 176 2705 1396 2797">
     <span class='ocr_line' id='line_1_12' title="bbox 176 2705 1396 2797; baseline 0.002 -21"><span class='ocrx_word' id='word_1_71' title='bbox 176 2711 244 2794; x_wconf 86' lang='lat' dir='ltr'><strong>ipsi</strong></span> <span class='ocrx_word' id='word_1_72' title='bbox 267 2713 353 2790; x_wconf 76' lang='lat' dir='ltr'><strong>sani,</strong></span> <span class='ocrx_word' id='word_1_73' title='bbox 374 2705 612 2778; x_wconf 77' lang='lat' dir='ltr'><strong>verumetiam</strong></span> <span class='ocrx_word' id='word_1_74' title='bbox 637 2720 676 2777; x_wconf 88' lang='lat' dir='ltr'><strong>ut</strong></span> <span class='ocrx_word' id='word_1_75' title='bbox 695 2731 800 2778; x_wconf 83' lang='lat' dir='ltr'><strong>sanos</strong></span> <span class='ocrx_word' id='word_1_76' title='bbox 823 2711 1010 2776; x_wconf 76' lang='lat' dir='ltr'><strong>adhibeant.</strong></span> <span class='ocrx_word' id='word_1_77' title='bbox 1054 2711 1181 2778; x_wconf 87' lang='lat' dir='ltr'><strong>Sanum</strong></span> <span class='ocrx_word' id='word_1_78' title='bbox 1198 2734 1274 2796; x_wconf 88' lang='lat' dir='ltr'><strong>pro·</strong></span> <span class='ocrx_word' id='word_1_79' title='bbox 1392 2790 1396 2797; x_wconf 20' lang='grc' dir='ltr'>ι</span> 
     </span>
    </p>
   </div>
   <div class='ocr_carea' id='block_1_6' title="bbox 172 2812 1274 3913">
    <p class='ocr_par' dir='ltr' id='par_1_6' title="bbox 172 2812 1274 3913">
     <span class='ocr_line' id='line_1_13' title="bbox 175 2812 1274 2896; baseline 0.004 -20"><span class='ocrx_word' id='word_1_80' title='bbox 175 2812 278 2891; x_wconf 83' lang='lat' dir='ltr'><strong>secto,</strong></span> <span class='ocrx_word' id='word_1_81' title='bbox 300 2815 347 2878; x_wconf 91' lang='lat' dir='ltr'><strong>mi</strong></span> <span class='ocrx_word' id='word_1_82' title='bbox 372 2813 538 2892; x_wconf 85' lang='lat' dir='ltr'><strong>Secunde,</strong></span> <span class='ocrx_word' id='word_1_83' title='bbox 563 2814 756 2878; x_wconf 86' lang='lat' dir='ltr'><strong>consilium:</strong></span> <span class='ocrx_word' id='word_1_84' title='bbox 792 2813 1014 2896; x_wconf 88' lang='lat' dir='ltr'><strong>nequeenim</strong></span> <span class='ocrx_word' id='word_1_85' title='bbox 1044 2813 1180 2879; x_wconf 87' lang='lat' dir='ltr'><strong>difficile</strong></span> <span class='ocrx_word' id='word_1_86' title='bbox 1203 2824 1274 2880; x_wconf 89' lang='lat' dir='ltr'><strong>erat</strong></span> 
     </span>
     <span class='ocr_line' id='line_1_14' title="bbox 176 2910 1273 2999; baseline 0.002 -21"><span class='ocrx_word' id='word_1_87' title='bbox 176 2913 287 2994; x_wconf 83' lang='lat' dir='ltr'><strong>vobis,</strong></span> <span class='ocrx_word' id='word_1_88' title='bbox 299 2913 360 2996; x_wconf 90' lang='lat' dir='ltr'><strong>qni</strong></span> <span class='ocrx_word' id='word_1_89' title='bbox 377 2915 464 2978; x_wconf 86' lang='lat' dir='ltr'><strong>intra</strong></span> <span class='ocrx_word' id='word_1_90' title='bbox 477 2915 622 2998; x_wconf 87' lang='lat' dir='ltr'><strong>parietes</strong></span> <span class='ocrx_word' id='word_1_91' title='bbox 635 2918 765 2978; x_wconf 80' lang='lat' dir='ltr'><strong>vestros</strong></span> <span class='ocrx_word' id='word_1_92' title='bbox 780 2932 895 2977; x_wconf 91' lang='lat' dir='ltr'><strong>coram</strong></span> <span class='ocrx_word' id='word_1_93' title='bbox 908 2910 1030 2996; x_wconf 76' lang='lat' dir='ltr'><strong>paucis</strong></span> <span class='ocrx_word' id='word_1_94' title='bbox 1044 2914 1155 2999; x_wconf 89' lang='lat' dir='ltr'><strong>iisqne</strong></span> <span class='ocrx_word' id='word_1_95' title='bbox 1169 2916 1273 2981; x_wconf 89' lang='lat' dir='ltr'><strong>dilec-</strong></span> 
     </span>
     <span class='ocr_line' id='line_1_15' title="bbox 175 3014 1272 3100; baseline 0.004 -22"><span class='ocrx_word' id='word_1_96' title='bbox 175 3014 219 3078; x_wconf 83' lang='lat' dir='ltr'><strong>tis</strong></span> <span class='ocrx_word' id='word_1_97' title='bbox 243 3019 279 3079; x_wconf 90' lang='lat' dir='ltr'><strong>et</strong></span> <span class='ocrx_word' id='word_1_98' title='bbox 299 3015 417 3080; x_wconf 82' lang='lat' dir='ltr'><strong>amicis</strong></span> <span class='ocrx_word' id='word_1_99' title='bbox 435 3015 611 3092; x_wconf 85' lang='lat' dir='ltr'><strong>recitastis,</strong></span> <span class='ocrx_word' id='word_1_100' title='bbox 637 3015 772 3080; x_wconf 83' lang='lat' dir='ltr'><strong>insenos</strong></span> <span class='ocrx_word' id='word_1_101' title='bbox 798 3034 964 3080; x_wconf 84' lang='lat' dir='ltr'><strong>amovere.</strong></span> <span class='ocrx_word' id='word_1_102' title='bbox 1011 3015 1115 3081; x_wconf 89' lang='lat' dir='ltr'><strong>Sede</strong></span> <span class='ocrx_word' id='word_1_103' title='bbox 1136 3018 1272 3100; x_wconf 87' lang='lat' dir='ltr'><strong>publico</strong></span> 
     </span>
     <span class='ocr_line' id='line_1_16' title="bbox 173 3113 1272 3200; baseline 0.005 -21"><span class='ocrx_word' id='word_1_104' title='bbox 173 3113 238 3179; x_wconf 85' lang='lat' dir='ltr'><strong>boo</strong></span> <span class='ocrx_word' id='word_1_105' title='bbox 251 3114 378 3180; x_wconf 86' lang='lat' dir='ltr'><strong>theatro</strong></span> <span class='ocrx_word' id='word_1_106' title='bbox 392 3116 469 3198; x_wconf 90' lang='lat' dir='ltr'><strong>quis</strong></span> <span class='ocrx_word' id='word_1_107' title='bbox 484 3135 599 3200; x_wconf 81' lang='lat' dir='ltr'><strong>praeco</strong></span> <span class='ocrx_word' id='word_1_108' title='bbox 613 3117 782 3182; x_wconf 86' lang='lat' dir='ltr'><strong>amovebit</strong></span> <span class='ocrx_word' id='word_1_109' title='bbox 796 3135 937 3199; x_wconf 85' lang='lat' dir='ltr'><strong>asperos</strong></span> <span class='ocrx_word' id='word_1_110' title='bbox 951 3116 1053 3182; x_wconf 85' lang='lat' dir='ltr'><strong>hosce</strong></span> <span class='ocrx_word' id='word_1_111' title='bbox 1068 3125 1105 3182; x_wconf 92' lang='lat' dir='ltr'><strong>et</strong></span> <span class='ocrx_word' id='word_1_112' title='bbox 1119 3125 1272 3185; x_wconf 85' lang='lat' dir='ltr'><strong>austeros</strong></span> 
     </span>
     <span class='ocr_line' id='line_1_17' title="bbox 175 3214 1272 3306; baseline 0.005 -27"><span class='ocrx_word' id='word_1_113' title='bbox 175 3214 413 3294; x_wconf 76' lang='lat' dir='ltr'><strong>Xenocrates,²</strong></span> <span class='ocrx_word' id='word_1_114' title='bbox 437 3219 496 3299; x_wconf 88' lang='lat' dir='ltr'><strong>qui</strong></span> <span class='ocrx_word' id='word_1_115' title='bbox 515 3215 641 3284; x_wconf 84' lang='lat' dir='ltr'><strong>Gratiis</strong></span> <span class='ocrx_word' id='word_1_116' title='bbox 664 3237 730 3306; x_wconf 90' lang='lat' dir='ltr'><strong>non</strong></span> <span class='ocrx_word' id='word_1_117' title='bbox 755 3219 916 3283; x_wconf 80' lang='lat' dir='ltr'><strong>litaruntl</strong></span> <span class='ocrx_word' id='word_1_118' title='bbox 938 3219 1015 3301; x_wconf 85' lang='lat' dir='ltr'><strong>quis</strong></span> <span class='ocrx_word' id='word_1_119' title='bbox 1036 3219 1272 3304; x_wconf 82' lang='lat' dir='ltr'><strong>designatore</strong></span> 
     </span>
     <span class='ocr_line' id='line_1_18' title="bbox 174 3319 1271 3407; baseline 0.005 -26"><span class='ocrx_word' id='word_1_120' title='bbox 174 3319 291 3382; x_wconf 89' lang='lat' dir='ltr'><strong>cuneis</strong></span> <span class='ocrx_word' id='word_1_121' title='bbox 304 3323 436 3402; x_wconf 86' lang='lat' dir='ltr'><strong>patrum</strong></span> <span class='ocrx_word' id='word_1_122' title='bbox 449 3324 483 3386; x_wconf 85' lang='lat' dir='ltr'><strong>et</strong></span> <span class='ocrx_word' id='word_1_123' title='bbox 495 3319 647 3404; x_wconf 87' lang='lat' dir='ltr'><strong>equitum</strong></span> <span class='ocrx_word' id='word_1_124' title='bbox 659 3321 827 3386; x_wconf 82' lang='lat' dir='ltr'><strong>excitabit</strong></span> <span class='ocrx_word' id='word_1_125' title='bbox 842 3322 969 3404; x_wconf 84' lang='lat' dir='ltr'><strong>plebeii</strong></span> <span class='ocrx_word' id='word_1_126' title='bbox 985 3321 1091 3386; x_wconf 81' lang='lat' dir='ltr'><strong>istos³</strong></span> <span class='ocrx_word' id='word_1_127' title='bbox 1110 3330 1145 3388; x_wconf 90' lang='lat' dir='ltr'><strong>et</strong></span> <span class='ocrx_word' id='word_1_128' title='bbox 1170 3326 1271 3407; x_wconf 68' lang='lat' dir='ltr'><strong>dorna</strong></span> 
     </span>
     <span class='ocr_line' id='line_1_19' title="bbox 174 3412 1272 3506; baseline 0.008 -26"><span class='ocrx_word' id='word_1_129' title='bbox 174 3415 265 3480; x_wconf 66' lang='lat' dir='ltr'><strong>atton</strong></span> <span class='ocrx_word' id='word_1_130' title='bbox 279 3419 404 3501; x_wconf 74' lang='lat' dir='ltr'><strong>ingenii</strong></span> <span class='ocrx_word' id='word_1_131' title='bbox 419 3417 561 3498; x_wconf 78' lang='lat' dir='ltr'><strong>Marion,</strong></span> <span class='ocrx_word' id='word_1_132' title='bbox 582 3422 642 3506; x_wconf 91' lang='lat' dir='ltr'><strong>qui</strong></span> <span class='ocrx_word' id='word_1_133' title='bbox 667 3421 780 3488; x_wconf 86' lang='lat' dir='ltr'><strong>Musis</strong></span> <span class='ocrx_word' id='word_1_134' title='bbox 796 3412 893 3486; x_wconf 86' lang='lat' dir='ltr'><strong>sacra</strong></span> <span class='ocrx_word' id='word_1_135' title='bbox 906 3423 1147 3499; x_wconf 76' lang='lat' dir='ltr'><strong>confecerunt,</strong></span> <span class='ocrx_word' id='word_1_136' title='bbox 1161 3424 1272 3489; x_wconf 85' lang='lat' dir='ltr'><strong>facere</strong></span> 
     </span>
     <span class='ocr_line' id='line_1_20' title="bbox 172 3519 1271 3604; baseline 0.002 -20"><span class='ocrx_word' id='word_1_137' title='bbox 172 3539 243 3584; x_wconf 92' lang='lat' dir='ltr'><strong>non</strong></span> <span class='ocrx_word' id='word_1_138' title='bbox 256 3522 398 3586; x_wconf 77' lang='lat' dir='ltr'><strong>curanti</strong></span> <span class='ocrx_word' id='word_1_139' title='bbox 421 3522 497 3604; x_wconf 87' lang='lat' dir='ltr'><strong>quis</strong></span> <span class='ocrx_word' id='word_1_140' title='bbox 521 3519 639 3604; x_wconf 83' lang='lat' dir='ltr'><strong>Mysta</strong></span> <span class='ocrx_word' id='word_1_141' title='bbox 663 3541 685 3586; x_wconf 89' lang='lat' dir='ltr'><strong>a</strong></span> <span class='ocrx_word' id='word_1_142' title='bbox 714 3520 891 3586; x_wconf 87' lang='lat' dir='ltr'><strong>Musarum</strong></span> <span class='ocrx_word' id='word_1_143' title='bbox 914 3521 1020 3584; x_wconf 88' lang='lat' dir='ltr'><strong>sacris</strong></span> <span class='ocrx_word' id='word_1_144' title='bbox 1041 3521 1166 3586; x_wconf 87' lang='lat' dir='ltr'><strong>arcebit</strong></span> <span class='ocrx_word' id='word_1_145' title='bbox 1192 3543 1271 3603; x_wconf 88' lang='lat' dir='ltr'><strong>pro-</strong></span> 
     </span>
     <span class='ocr_line' id='line_1_21' title="bbox 172 3619 1271 3706; baseline 0 -20"><span class='ocrx_word' id='word_1_146' title='bbox 172 3619 283 3686; x_wconf 81' lang='lat' dir='ltr'><strong>fanum</strong></span> <span class='ocrx_word' id='word_1_147' title='bbox 298 3622 363 3687; x_wconf 89' lang='lat' dir='ltr'><strong>boc</strong></span> <span class='ocrx_word' id='word_1_148' title='bbox 386 3622 517 3705; x_wconf 82' lang='lat' dir='ltr'><strong>vulgus,</strong></span> <span class='ocrx_word' id='word_1_149' title='bbox 532 3622 725 3706; x_wconf 85' lang='lat' dir='ltr'><strong>imperitum</strong></span> <span class='ocrx_word' id='word_1_150' title='bbox 734 3621 836 3705; x_wconf 83' lang='lat' dir='ltr'><strong>juxta</strong></span> <span class='ocrx_word' id='word_1_151' title='bbox 855 3628 954 3705; x_wconf 87' lang='lat' dir='ltr'><strong>atque</strong></span> <span class='ocrx_word' id='word_1_152' title='bbox 976 3639 1144 3704; x_wconf 83' lang='lat' dir='ltr'><strong>arrogans,</strong></span> <span class='ocrx_word' id='word_1_153' title='bbox 1157 3628 1191 3687; x_wconf 89' lang='lat' dir='ltr'><strong>et</strong></span> <span class='ocrx_word' id='word_1_154' title='bbox 1204 3622 1271 3694; x_wconf 87' lang='lat' dir='ltr'><strong>boo</strong></span> 
     </span>
     <span class='ocr_line' id='line_1_22' title="bbox 172 3722 1270 3808; baseline 0.004 -22"><span class='ocrx_word' id='word_1_155' title='bbox 172 3725 387 3805; x_wconf 75' lang='lat' dir='ltr'><strong>arrogantius,</strong></span> <span class='ocrx_word' id='word_1_156' title='bbox 401 3744 469 3807; x_wconf 90' lang='lat' dir='ltr'><strong>quo</strong></span> <span class='ocrx_word' id='word_1_157' title='bbox 489 3725 697 3808; x_wconf 81' lang='lat' dir='ltr'><strong>imperitiusl</strong></span> <span class='ocrx_word' id='word_1_158' title='bbox 724 3722 797 3788; x_wconf 86' lang='lat' dir='ltr'><strong>Alii</strong></span> <span class='ocrx_word' id='word_1_159' title='bbox 811 3740 976 3807; x_wconf 88' lang='lat' dir='ltr'><strong>namque,</strong></span> <span class='ocrx_word' id='word_1_160' title='bbox 999 3731 1039 3788; x_wconf 91' lang='lat' dir='ltr'><strong>nt</strong></span> <span class='ocrx_word' id='word_1_161' title='bbox 1060 3724 1183 3789; x_wconf 85' lang='lat' dir='ltr'><strong>missos</strong></span> <span class='ocrx_word' id='word_1_162' title='bbox 1208 3745 1270 3802; x_wconf 86' lang='lat' dir='ltr'><strong>eos</strong></span> 
     </span>
     <span class='ocr_line' id='line_1_23' title="bbox 175 3825 1270 3913; baseline 0 -23"><span class='ocrx_word' id='word_1_163' title='bbox 175 3825 382 3913; x_wconf 81' lang='lat' dir='ltr'><strong>laciam,qui</strong></span> <span class='ocrx_word' id='word_1_164' title='bbox 397 3829 559 3894; x_wconf 85' lang='lat' dir='ltr'><strong>theatrum</strong></span> <span class='ocrx_word' id='word_1_165' title='bbox 582 3828 810 3912; x_wconf 85' lang='lat' dir='ltr'><strong>ingrediuntur</strong></span> <span class='ocrx_word' id='word_1_166' title='bbox 834 3834 962 3894; x_wconf 84' lang='lat' dir='ltr'><strong>tantum</strong></span> <span class='ocrx_word' id='word_1_167' title='bbox 986 3835 1027 3892; x_wconf 87' lang='lat' dir='ltr'><strong>ut</strong></span> <span class='ocrx_word' id='word_1_168' title='bbox 1051 3835 1185 3907; x_wconf 84' lang='lat' dir='ltr'><strong>exeant,</strong></span> <span class='ocrx_word' id='word_1_169' title='bbox 1210 3847 1270 3891; x_wconf 89' lang='lat' dir='ltr'><strong>seu</strong></span> 
     </span>
    </p>
   </div>
   <div class='ocr_carea' id='block_1_7' title="bbox 671 4009 781 4087">
    <p class='ocr_par' dir='ltr' id='par_1_7' title="bbox 671 4009 781 4087">
     <span class='ocr_line' id='line_1_24' title="bbox 671 4009 781 4087; baseline -0.009 -23"><span class='ocrx_word' id='word_1_170' title='bbox 671 4009 781 4087; x_wconf 58' lang='grc' dir='ltr'><strong>ποτε</strong></span> 
     </span>
    </p>
   </div>
   <div class='ocr_carea' id='block_1_8' title="bbox 169 4115 1298 4360">
    <p class='ocr_par' dir='ltr' id='par_1_8' title="bbox 169 4115 1298 4360">
     <span class='ocr_line' id='line_1_25' title="bbox 205 4115 1222 4188; baseline 0.003 -20"><span class='ocrx_word' id='word_1_171' title='bbox 205 4117 418 4186; x_wconf 58' lang='lat' dir='ltr'><strong>summaria,</strong></span> <span class='ocrx_word' id='word_1_172' title='bbox 432 4121 486 4188; x_wconf 70' lang='lat' dir='ltr'><strong>lfa]</strong></span> <span class='ocrx_word' id='word_1_173' title='bbox 519 4122 619 4175; x_wconf 76' lang='lat' dir='ltr'><strong>Plinius</strong></span> <span class='ocrx_word' id='word_1_174' title='bbox 639 4121 699 4176; x_wconf 78' lang='lat' dir='ltr'><strong>Sec.</strong></span> <span class='ocrx_word' id='word_1_175' title='bbox 740 4118 1171 4186; x_wconf 70' lang='lat' dir='ltr'><strong>Praceptir,etntog.batrtltn</strong></span> <span class='ocrx_word' id='word_1_176' title='bbox 1182 4115 1222 4171; x_wconf 63' lang='lat' dir='ltr'><strong>rb.</strong></span> 
     </span>
     <span class='ocr_line' id='line_1_26' title="bbox 169 4193 1269 4262; baseline 0.001 -17"><span class='ocrx_word' id='word_1_177' title='bbox 169 4193 213 4246; x_wconf 84' lang='lat' dir='ltr'><strong>lib.</strong></span> <span class='ocrx_word' id='word_1_178' title='bbox 226 4209 267 4246; x_wconf 81' lang='lat' dir='ltr'><strong>vr.</strong></span> <span class='ocrx_word' id='word_1_179' title='bbox 278 4197 365 4262; x_wconf 79' lang='lat' dir='ltr'><strong>Epist.</strong></span> <span class='ocrx_word' id='word_1_180' title='bbox 378 4203 418 4248; x_wconf 79' lang='lat'><strong>15.</strong></span> <span class='ocrx_word' id='word_1_181' title='bbox 771 4203 786 4247; x_wconf 77' lang='lat'>³</span> <span class='ocrx_word' id='word_1_182' title='bbox 804 4198 906 4260; x_wconf 69' lang='lat' dir='ltr'><strong>Putea,</strong></span> <span class='ocrx_word' id='word_1_183' title='bbox 915 4197 969 4261; x_wconf 60' lang='lat' dir='ltr'><strong>ba]</strong></span> <span class='ocrx_word' id='word_1_184' title='bbox 988 4195 1123 4246; x_wconf 80' lang='lat' dir='ltr'><strong>Plutarch.</strong></span> <span class='ocrx_word' id='word_1_185' title='bbox 1135 4193 1198 4245; x_wconf 69' lang='lat' dir='ltr'><strong>vlt·</strong></span> <span class='ocrx_word' id='word_1_186' title='bbox 1212 4197 1269 4246; x_wconf 81' lang='grc' dir='ltr'><strong>Μι·</strong></span> 
     </span>
     <span class='ocr_line' id='line_1_27' title="bbox 201 4271 1298 4360; baseline 0 -40"><span class='ocrx_word' id='word_1_187' title='bbox 201 4271 401 4339; x_wconf 44' lang='lat' dir='ltr'><strong>semmua]</strong></span> <span class='ocrx_word' id='word_1_188' title='bbox 417 4273 574 4324; x_wconf 81' lang='lat' dir='ltr'><strong>Plutarchus</strong></span> <span class='ocrx_word' id='word_1_189' title='bbox 581 4273 698 4326; x_wconf 75' lang='lat' dir='ltr'><strong>conmb</strong></span> <span class='ocrx_word' id='word_1_190' title='bbox 739 4274 780 4338; x_wconf 85' lang='lat' dir='ltr'><strong>rii,</strong></span> <span class='ocrx_word' id='word_1_191' title='bbox 792 4281 820 4324; x_wconf 85' lang='lat' dir='ltr'><strong>et</strong></span> <span class='ocrx_word' id='word_1_192' title='bbox 830 4275 889 4324; x_wconf 83' lang='lat' dir='ltr'><strong>Val.</strong></span> <span class='ocrx_word' id='word_1_193' title='bbox 896 4274 969 4323; x_wconf 82' lang='lat' dir='ltr'><strong>Max.</strong></span> <span class='ocrx_word' id='word_1_194' title='bbox 980 4272 1025 4323; x_wconf 90' lang='lat' dir='ltr'><strong>lib.</strong></span> <span class='ocrx_word' id='word_1_195' title='bbox 1035 4286 1066 4322; x_wconf 92' lang='lat' dir='ltr'><strong>rr.</strong></span> <span class='ocrx_word' id='word_1_196' title='bbox 1077 4285 1135 4336; x_wconf 76' lang='lat' dir='ltr'><strong>cap.</strong></span> <span class='ocrx_word' id='word_1_197' title='bbox 1145 4274 1169 4322; x_wconf 91' lang='lat' dir='ltr'><strong>l.</strong></span> <span class='ocrx_word' id='word_1_198' title='bbox 1290 4351 1298 4360; x_wconf 32' lang='grc' dir='ltr'><strong><em>Ι</em></strong></span> 
     </span>
    </p>
   </div>
   <div class='ocr_carea' id='block_1_9' title="bbox 0 0 1584 4925">
    <p class='ocr_par' dir='ltr' id='par_1_9' title="bbox 0 0 1584 4925">
     <span class='ocr_line' id='line_1_28' title="bbox 0 0 1584 4925; baseline 0 5"><span class='ocrx_word' id='word_1_199' title='bbox 0 0 1584 4925; x_wconf 95' lang='lat' dir='ltr'><strong> </strong></span> 
     </span>
    </p>
   </div>
  </div>
 </body>
</html>
