3159 4925
626 398 675 445 sn
702 397 902 446 eacvoass.
1291 388 1314 451 5

214 541 365 607 ‘Fausta
380 558 501 624 precor
516 536 645 621 gelida’
661 548 757 603 sonet
770 540 873 605 altim
888 560 991 623 quam
1006 544 1018 579 ‘
1025 541 1131 607 Arma
1141 544 1313 628 virumque

179 646 182 649 ’
214 642 322 720 ceno,'
336 648 370 707 ot
383 642 531 725 Elegiaci
546 660 661 707 omnes
674 641 830 706 sordeant
851 642 882 707 si
904 642 1111 709 conferuntur
1124 648 1226 710 cum‘
1243 646 1313 725 Qui

214 744 297 808 mihi
313 742 521 828 discipulus!
574 741 644 833 Sed
669 744 755 808 unde
774 743 861 823 haec,
876 752 1133 828 quaeso,vestra
1163 748 1312 829 gravitas

216 850 320 924 tanta,
336 845 513 929 sapientia,
528 852 571 910 et.
581 846 768 927 sanctites3
791 846 894 911 immo
907 848 1050 931 pigritia,
1066 850 1265 932 arrogantia,
1279 856 1316 914 et
1438 898 1442 903 ⁸

218 947 438 1013 sinisteritas?
460 944 588 1025 Polites,
613 946 704 1030 quod
726 947 947 1030 praetenditis,
968 948 1101 1012 obscuri
1115 956 1205 1018 sunt.
1249 948 1317 1014 Sed

216 1046 329 1113 videte
343 1068 386 1113 ne
400 1048 464 1113 hoc
477 1049 596 1113 vitium
618 1068 640 1113 a
659 1049 757 1113 vobis
775 1049 833 1125 sit,
855 1050 916 1132 qui
935 1067 1001 1113 non
1020 1049 1160 1115 assidrm
1172 1050 1316 1116 lectione

217 1148 354 1215 redditis
368 1169 428 1215 eos
439 1152 548 1233 magis
561 1150 754 1215 familiares.
789 1150 883 1229 Quin
897 1157 931 1215 et
939 1145 1216 1216 commentatores
1230 1153 1315 1217 satis

217 1249 377 1315 luculenti
399 1250 510 1315 facem
531 1251 724 1335 praeterunt:
746 1269 886 1333 qnorum
907 1250 1047 1315 taedium
1063 1251 1093 1316 si
1108 1252 1163 1316 vel
1178 1252 1317 1318 delicati

219 1350 303 1415 terre
317 1370 385 1415 non
398 1348 553 1435 potestis,
569 1352 621 1417 vel
646 1350 691 1415 ad
708 1352 863 1433 'gravisus
883 1352 966 1415 torta
990 1353 1105 1418 studia
1126 1354 1316 1437 properatis

221 1452 332 1534 potins
359 1472 461 1535 quam
483 1453 671 1531 maturatis,
695 1472 736 1517 en
765 1453 874 1518 vobis·
888 1470 1007 1519 semus
1027 1453 1206 1519 medullam
1226 1462 1316 1519 notar

218 1552 462 1636 admargmales
490 1558 665 1636 praestant.
710 1553 779 1617 Sed
808 1553 939 1617 inutilis
966 1560 1031 1631 est,
1056 1559 1097 1619 nt
1120 1556 1316 1632 causamini,

218 1672 333 1717 eorum
347 1655 459 1729 lectio,
474 1662 520 1731 et,
535 1652 626 1737 quod
647 1654 734 1717 dixit
755 1654 876 1733 Zeno,⁷
892 1653 936 1717 ad
953 1654 1200 1738 perceptionem
1214 1654 1319 1723 disei-

220 1753 386 1835 plinarunr
409 1754 493 1819 nihil
516 1754 658 1821 alienius
673 1752 831 1819 Potitios.
875 1752 986 1819 Vobis
1007 1774 1085 1837 quaa
1106 1774 1170 1817 non
1191 1754 1318 1837 legitis,

221 1873 265 1917 au
279 1854 468 1938 expectatis
481 1857 556 1920 usui
571 1874 648 1920 esse
661 1855 788 1937 posset
814 1854 947 1919 Discite
967 1855 1048 1939 quid
1060 1854 1171 1921 dicere
1186 1856 1318 1923 Plinius

222 1954 342 2019 solitus
356 1955 412 2033 sit,
427 1954 589 2021 referente
603 1960 727 2039 nepote
741 1955 838 2020 suoz⁸
859 1955 1002 2021 Nullum
1024 1974 1099 2019 esse
1114 1956 1234 2020 librum
1248 1963 1319 2021 tam

220 2055 359 2134 malum
373 2064 413 2122 ut
432 2077 499 2122 non
522 2058 638 2140 aliqua
651 2076 697 2121 ex
716 2062 813 2139 parte
829 2056 1012 2137 prodesset
1054 2054 1108 2121 Ac
1122 2074 1165 2119 no
1177 2055 1319 2123 virtutes

222 2164 257 2219 et
280 2158 441 2225 utilitates
466 2157 620 2225 Poeticae
644 2178 745 2241 cogar
768 2158 805 2221 in
828 2156 893 2222 hoc
923 2166 1118 2225 transcursu
1138 2156 1319 2221 licentioris

213 2278 323 2341 quam
337 2259 539 2325 institueram
552 2259 759 2343 praefationis
771 2278 955 2337 recensere,
966 2258 1009 2323 D.
1021 2256 1211 2342 Augustino
1222 2258 1320 2323 robis

222 2366 368 2439 auctore,
383 2362 529 2444 colligite
553 2378 776 2445 quascumque
797 2361 842 2423 ab
866 2359 1017 2425 Ethnicis
1038 2362 1164 2445 scripta
1185 2372 1271 2438 sunt,
1287 2366 1321 2426 et

223 2464 258 2526 in
285 2483 393 2529 nsum·
411 2470 559 2530 vestrum
597 2463 775 2541 vindicate,
804 2465 1060 2546 possessoribus
1091 2465 1159 2528 illis
1186 2463 1321 2547 injustis

224 2571 354 2648 erepta·
371 2564 420 2631 At
433 2585 477 2630 ex
488 2564 608 2642 Poetis
621 2564 1126 2652 plerique,dnntetricar01unt
1140 2585 1321 2645 moenere,

224 2668 403 2732 verborum
422 2667 569 2734 nuditate
584 2673 685 2751 atque
705 2670 813 2732 'rerum
833 2668 1056 2735 comunitate
1078 2668 1207 2752 aurium
1228 2686 1320 2734 reve-

223 2769 362 2832 rentiam
375 2769 549 2846 incestant,
563 2770 665 2834 animi
679 2787 790 2834 mores
805 2777 1027 2854 corrumprmt.
1053 2769 1182 2848 Nolito,
1192 2787 1319 2852 quaeso,

223 2869 315 2954 loqui
329 2870 465 2953 perinde
482 2891 523 2936 ae
538 2872 569 2934 si
578 2872 612 2936 iu
624 2870 777 2935 Platonis
793 2870 992 2953 Republica,
1003 2875 1062 2935 aut
1074 2889 1147 2934 cum
1161 2869 1321 2952 perfectis

225 2970 415 3035 homiuibus
434 2971 620 3038 viveretur:
650 2973 749 3056 quasi
772 2990 852 3036 vero
876 2972 972 3035 detur
993 2971 1159 3035 sincerum
1181 2971 1320 3053 aliquid,

227 3072 298 3136 sios
310 3074 391 3138 mali
405 3073 605 3140 admistione
620 3093 753 3158 purum,
768 3078 802 3137 et
816 3075 861 3136 ab
875 3074 967 3138 omni
981 3079 1111 3139 terrena
1123 3072 1208 3139 iaece
1223 3073 1322 3157 quasi

226 3172 340 3238 divino
352 3175 626 3257 igneexcootam.
656 3172 1203 3252 Profert,lrabetisenimsatentem
1217 3193 1321 3250 reum,

226 3275 301 3340 heac
316 3277 487 3359 AEgyptus
503 3276 610 3341 noxia
624 3274 740 3352 multa,
757 3281 793 3338 et
806 3275 911 3340 multa
924 3276 1073 3340 salubria
1086 3275 1205 3340 cultori
1219 3275 1322 3340 medi-

229 3384 383 3442 camenta
394 3386 419 3458 3⁹
438 3377 541 3442 habet
555 3377 627 3443 haec
643 3374 759 3440 Attica
771 3382 808 3441 ut
825 3377 892 3440 mel
915 3379 1089 3460 optimum,
1104 3377 1153 3440 ita
1174 3376 1322 3440 cicutam

229 3465 378 3545 ldalem:
400 3486 433 3545 et
451 3480 486 3544 in
509 3498 641 3546 amoeno
657 3478 720 3542 hoo
738 3483 839 3560 prato
852 3478 971 3542 urticis
985 3496 1080 3558 saepe
1092 3476 1203 3553 violes,
1217 3478 1322 3559 spinis

229 3599 314 3646 rosoe
344 3583 621 3646 internascentur.
675 3578 753 3644 Vos
783 3597 882 3662 apum
912 3597 1004 3643 more
1033 3577 1147 3642 omnia
1173 3577 1321 3656 lustrate,

231 3682 359 3762 optima
376 3683 493 3747 libate.
537 3681 660 3765 Neque
684 3679 783 3757 enim,
812 3677 843 3743 si
869 3681 946 3762 quis
968 3680 1102 3762 iugenio
1125 3680 1213 3744 bono
1235 3679 1323 3743 male
1459 3692 1461 3695 ·

231 3787 349 3861 utatur,
365 3782 510 3864 velitque
532 3799 592 3864 por
614 3778 842 3846 curiositatem
872 3799 948 3845 esse
973 3781 1144 3866 ingeniose
1170 3799 1323 3866 nequam,

727 3978 751 4029 N
755 3979 835 4031 01·AE

136 4115 139 4122 ·
263 4091 429 4156 {lerata}
451 4091 529 4156 Diog.
539 4089 658 4148 lra'e'rtius
668 4091 701 4142 de
713 4089 758 4142 Vl·
829 4089 1052 4156 mapsam]
1069 4091 1264 4150 Pluterrtmrdo
1274 4093 1326 4144 lln·

231 4169 496 4222 tlsPhilor.lib.vrr.
799 4165 1045 4220 dteudtsPoitirex
1058 4164 1239 4218 flammea.

265 4249 281 4296 8
297 4245 432 4308 aseae,
442 4244 493 4310 ta]
512 4243 570 4300 Ialb.
583 4255 628 4298 ιιι.
640 4243 723 4308 Epist.
734 4247 759 4297 t.
1105 4259 1109 4264 ·
