3159 4925
715 364 813 414 viui.

296 508 372 575 Vos
385 510 478 575 eritis
491 514 614 575 nostra
628 516 758 593 portus,
772 510 970 592 requiesque
983 516 1137 591 senectae,

341 614 381 679 Si
388 612 475 697 juris
488 611 610 677 suerint
623 613 694 676 otia
706 619 823 677 nostru
836 613 898 676 sui.

253 714 386 780 Amicis
410 732 490 777 usus
508 716 571 788 est,
593 717 714 793 practer
737 710 900 790 Caesares,
922 713 1022 778 claris
1045 720 1081 779 et
1096 718 1299 799 potentibus,

209 821 246 881 et
260 815 393 879 multis:
417 813 586 891 Stertinio,
608 832 707 895 quem
728 812 870 878 Avitum
891 820 1002 892 vocat,
1027 815 1188 894 Deciano,
1208 819 1301 885 Lici·
1365 822 1371 833 “

208 917 321 993 niano,
330 914 451 991 Stella,
463 912 606 996 Nepote,
616 914 723 997 Lupo,
732 914 847 978 Plinio
850 914 996 998 juniore,
1008 913 1162 982 Cornelio
1171 918 1301 997 Prisco,

208 1016 302 1082 Julio
317 1016 485 1091 Martiale,
508 1013 640 1096 Regulo
654 1022 798 1091 oratore,
820 1014 1042 1092 Quintiliano,
1063 1017 1203 1095 Quinto,
1219 1018 1300 1085 Ovi-

209 1118 280 1195 dio,
303 1115 478 1192 Juvenale,
494 1114 632 1180 Valerio
659 1114 797 1192 Flacco,
819 1113 913 1190 Silio,
938 1113 1116 1179 Parthenio
1145 1124 1300 1201 tymmo-
1390 1196 1401 1211 ,

209 1227 322 1297 ctouo,
348 1218 494 1301 aliisque
520 1216 756 1298 compluribus,
782 1225 874 1297 quos¹
893 1215 1022 1298 passim
1047 1216 1081 1279 in
1108 1219 1179 1282 suis
1203 1220 1299 1287 libris

209 1320 341 1385 aeternis
364 1324 460 1386 omat
486 1316 618 1397 elogiis.
674 1317 729 1381 De
755 1316 866 1380 Statio
892 1318 1049 1381 mirantur
1073 1318 1190 1401 aliqui,
1222 1341 1299 1387 cum

209 1420 325 1485 eodem
338 1426 489 1500 tempore
505 1416 660 1495 vixerint,
675 1418 764 1481 idem
778 1436 869 1499 saepe
879 1424 1103 1499 argumentum
1116 1422 1308 1499 tractariut,
1373 1437 1377 1441 “

208 1518 347 1585 eosdem
360 1519 488 1585 amicos
503 1518 673 1595 coluerint,
695 1537 755 1582 cur
773 1518 867 1581 nulla
880 1518 1035 1582 amicitiae
1047 1524 1128 1585 uota
1141 1521 1226 1584 inter
1238 1520 1301 1585 hoa

207 1626 306 1685 extet.
355 1617 411 1683 An
433 1619 523 1703 quod
544 1620 634 1683 nulla
657 1618 834 1701 singularia
855 1619 939 1683 inter
959 1637 1018 1683 eos
1036 1621 1246 1687 necessitudo
1267 1628 1301 1686 et

206 1738 290 1785 usus
304 1722 384 1786 vitae
407 1720 654 1785 intercesserit?
686 1738 730 1783 an
749 1719 885 1783 occulta
906 1718 1022 1801 aliqua
1034 1718 1224 1785 dmsensiol
1254 1741 1299 1786 an

206 1822 409 1905 ingeniorum
420 1820 539 1898 studia,
550 1839 673 1899 mores,
685 1826 813 1885 naturae
824 1821 990 1886 diversoei
1012 1822 1154 1905 auquod
1168 1822 1299 1888 Statius

206 1922 302 2000 oeler,
325 1929 359 1988 et
381 1940 473 2006 saepe
487 1918 727 2004 extemporalis
751 1941 857 2005 prope
874 1921 989 2005 polita,
1011 1927 1049 1986 nt
1063 1940 1106 1985 ex
1119 1921 1298 2005 Syluarum

206 2021 459 2105 praefationibus
474 2021 592 2099 discis,
608 2020 721 2086 subito
736 2022 956 2103 gratularetur
969 2022 1022 2086 vel
1037 2021 1198 2105 Principi,
1221 2042 1299 2088 eum

174 2170 186 2187 .
206 2122 332 2206 aliquid
345 2122 424 2187 novi
438 2122 491 2187 vel
506 2122 643 2199 accidit,
652 2122 708 2188 uel
722 2121 893 2187 conditum
906 2130 972 2201 est,
984 2122 1075 2207 quod
1086 2141 1153 2187 non
1166 2122 1299 2188 uidetur
1420 2193 1424 2197 Α

206 2222 359 2304 potuisse
380 2222 559 2303 Martialis,
583 2231 643 2288 aot
664 2224 824 2289 voluisse.
868 2223 972 2303 Quod
993 2226 1103 2308 ipsum
1125 2244 1202 2289 reor
1222 2226 1298 2303 fuit,

201 2322 386 2387 -curunllus
403 2322 640 2388 familiaritatis
661 2322 766 2387 index
788 2329 849 2388 nut
871 2324 1067 2407 symbolum,
1090 2331 1147 2391 aut
1165 2334 1298 2393 contes-

205 2422 330 2488 sentio
345 2423 438 2508 apud
453 2424 631 2508 scriptores
652 2423 845 2507 reperiatur.
888 2423 1074 2489 librarium
1087 2443 1225 2508 puerum
1239 2425 1298 2490 lra-
1428 2485 1433 2492 .

205 2523 417 2602 imitantium
431 2525 649 2602 Demetrium,
657 2543 763 2608 quem
773 2525 980 2602 moriturum,
990 2543 1067 2590 sero
1077 2525 1187 2602 nimis,
1198 2524 1298 2590 liber·

205 2627 273 2690 tete
287 2623 435 2704 donavit,
455 2626 497 2690 (le
512 2645 581 2709 quo
599 2643 621 2689 ι.
636 2626 710 2690 102.

335 2726 403 2792 llla
415 2742 534 2792 manus
548 2725 718 2810 quondam
733 2727 915 2793 stadiomm
925 2727 996 2793 fida
1008 2745 1168 2806 mauron,

376 2825 422 2891 Et
433 2827 515 2892 felix
528 2827 676 2905 domiuo,
696 2834 844 2912 notaque
857 2827 1062 2896 Caraambus.

204 2927 310 2994 Gravi
334 2929 450 2992 morbo
471 2928 576 2993 semel
597 2928 775 3007 duntaxat,
792 2929 872 2996 dum
894 2929 1014 2996 Romae
1034 2931 1132 3009 vixit,
1152 2935 1296 2996 tentam

202 3034 265 3107 est,
283 3043 364 3092 vur.
377 3028 431 3095 25.

418 3128 545 3198 Vidisti
559 3131 673 3209 semol,
690 3130 860 3215 Oppiane,
882 3136 1012 3197 tantum

420 3232 559 3315 AEgrum
571 3251 626 3298 me
638 3233 745 3298 malet
768 3252 861 3316 saepe
876 3241 910 3297 te
925 3233 1057 3299 videbo.

205 3330 279 3397 lib.
296 3349 345 3396 vr.
359 3331 413 3398 58.
429 3333 546 3417 sejam
559 3352 663 3418 prope
677 3334 923 3400 conclamatum
938 3336 1008 3400 ait:

291 3431 323 3497 0
337 3452 438 3517 quam
453 3453 549 3517 paeue
563 3433 625 3498 tibi
638 3432 774 3517 Stygias
788 3452 852 3515 ego
863 3439 984 3516 raptus
998 3432 1042 3496 ati
1055 3433 1176 3511 undas,

331 3534 459 3620 Elysiae
472 3533 542 3599 vidi
556 3533 674 3599 nubila
686 3533 784 3598 lusca
798 3532 926 3618 plaguel

255 3635 451 3701 Domitiano
475 3635 621 3714 sublato,
650 3634 834 3701 Parthenio
858 3634 1046 3700 Maecenate
1074 3634 1185 3702 amieo
1210 3637 1295 3701 auli·

202 3753 244 3801 co
280 3755 302 3802 a
334 3737 498 3803 militibus
529 3737 714 3815 interiecto,
747 3757 826 3803 cum
864 3735 955 3820 apud
984 3734 1133 3804 Nervam
1168 3755 1296 3819 parum,

202 3836 293 3920 apud
325 3837 510 3924 Trajanum
543 3839 623 3904 nihil
656 3845 786 3923 possm,
819 3858 928 3905 rernm
959 3839 1160 3904 urbanarum
1191 3837 1295 3904 taedio

201 3935 355 4016 affectus,
379 3940 574 4024 urgentibus
603 3939 677 4024 jam
703 3940 806 4006 tedio
835 3947 870 4005 at
904 3940 995 4016 latia,
1032 3941 1174 4024 patriam
1201 3955 1296 4020 rape·

201 4039 289 4114 tivit,
313 4038 349 4102 in
378 4059 494 4124 eaque,
525 4040 678 4106 conlecto
701 4060 762 4126 per
785 4033 957 4107 triennium
978 4039 1062 4105 libro
1085 4038 1296 4118 duodecimo,

203 4143 329 4206 uatnrae
362 4141 550 4208 concessit:
585 4158 690 4227 nequo
720 4141 808 4207 euim
837 4150 907 4208 tam
935 4145 1063 4222 gratam
1092 4147 1126 4205 et
1157 4159 1295 4208 suavem
