3159 4925
277 424 320 490 10
637 442 675 491 u.
699 442 783 492 var..
808 444 1016 494 ulnrrncrs

276 582 341 647 snb
355 582 454 649 titulo
468 581 511 647 de
531 588 622 648 statu
642 584 811 649 hominnm
832 583 981 662 refertor,
1003 600 1073 667 qna
1093 600 1209 647 omnes
1223 602 1295 662 eos,
1311 584 1371 667 qni

275 682 311 745 in
325 684 405 748 urbe
419 682 576 749 Romana
594 690 716 761 essent,
741 686 834 748 cives
856 704 932 749 esso
954 686 1080 764 voluit3
1102 688 1172 750 tum
1185 704 1246 768 pro
1260 685 1372 768 cujus-

275 802 417 866 cumque
432 786 569 850 arbitrio
584 785 719 849 nomina
728 792 852 861 sumta,
864 789 928 856 aut,
936 784 1217 849 nobilissimarum
1225 784 1370 851 familia·

273 902 356 964 rum,
371 884 532 969 quaejam
553 886 754 963 defecerant,
770 892 831 952 aut
843 905 933 951 nova
949 885 1152 968 excogitata,
1173 891 1284 951 vetere
1306 906 1368 951 vc-

273 983 372 1049 candi
386 984 635 1065 consuetudine,
649 1006 727 1070 quaa
743 988 787 1051 ad
800 1008 843 1053 ea
856 1007 963 1070 nsque
984 994 1135 1070 tempora
1149 1003 1268 1071 parum
1282 993 1369 1052 certe

272 1084 398 1151 violata
412 1086 658 1170 perduraverat,
676 1086 838 1170 paulatim
852 1093 972 1169 postea
985 1087 1127 1151 labante.
1171 1082 1260 1164 Quae
1282 1107 1369 1171 pne·

272 1185 376 1268 cipua
388 1204 493 1251 cansa
505 1186 569 1251 fuit
582 1184 692 1271 (qood
713 1194 869 1270 portento
892 1187 1001 1252 simile
1022 1185 1091 1269 est)
1111 1192 1149 1251 ut
1172 1193 1251 1271 post
1265 1186 1368 1253 Gara·

273 1285 352 1351 calli
374 1294 533 1373 tempora,
562 1288 651 1354 intra
678 1290 901 1373 paucissimos
927 1308 1033 1354 annos
1057 1289 1174 1356 horum
1200 1290 1369 1353 nominum

272 1404 364 1464 usos,
378 1408 437 1472 per
450 1388 542 1453 mille
556 1408 662 1455 annos
675 1398 907 1469 conservatus,
924 1392 1059 1455 omnino
1074 1389 1269 1474 dissipatus,
1284 1398 1321 1454 et
1332 1391 1369 1455 in

271 1490 561 1565 novarocabnla
582 1490 846 1557 transformatus.
890 1491 982 1556 Nam
1007 1490 1102 1555 nulla
1125 1490 1287 1573 deinceps
1309 1510 1368 1555 no·

269 1588 381 1663 minis,
405 1591 636 1671 praenominis,
665 1591 720 1655 vel
750 1591 958 1673 cognominis
987 1592 1161 1657 distinctio
1189 1592 1368 1655 observata

270 1692 334 1763 est,
358 1687 419 1751 scd
439 1689 552 1753 omnia
564 1690 599 1753 in
612 1689 837 1756 foedissimam
851 1690 1033 1757 barbariem
1048 1710 1148 1756 versa
1161 1690 1367 1774 antiquitatis

270 1786 496 1870 coguitionem
513 1789 603 1854 omni
623 1809 667 1855 ex
689 1798 784 1874 parte
804 1791 1025 1873 perdiderunt.
1069 1792 1160 1857 Haec
1182 1792 1368 1857 Paovinius

269 1887 310 1951 de
324 1889 472 1974 antiquis
485 1890 673 1955 nominibus
688 1890 926 1955 Romanorum.
968 1890 1117 1957 Consule
1136 1898 1171 1958 et
1188 1892 1365 1975 sigonium

268 1993 302 2053 et
319 1987 472 2055 Ursinum
488 1990 530 2055 de
543 1990 735 2056 nominibus
757 1998 793 2057 et
812 1992 950 2057 familis
972 1992 1210 2071 Romanorum,
1224 1992 1365 2059 Volate-

268 2106 385 2155 rannm
397 2091 599 2175 Anthropol.
641 2091 832 2157 Martialem
844 2090 1017 2175 (quamvis
1030 2098 1067 2156 et
1079 2092 1143 2159 hoc
1154 2092 1366 2177 Romanum)

268 2192 503 2274 aparentibus
523 2192 731 2275 indigitatum
752 2192 826 2257 sive
848 2212 871 2258 a
892 2192 973 2259 Καὶ
993 2191 1140 2271 Martiis,
1161 2193 1286 2276 quibus
1312 2200 1365 2261 est

267 2288 388 2369 editus,
403 2293 478 2358 sire
491 2294 653 2378 majorum
668 2294 828 2359 arbitratu
842 2294 892 2371 ob=
905 2292 1025 2359 Manis
1039 2294 1168 2359 cultum
1187 2301 1222 2360 et
1238 2312 1363 2361 memo·

266 2390 351 2457 riam
365 2412 496 2462 censeo.
541 2393 713 2464 Martiales
735 2414 836 2478 porro
857 2401 973 2462 nostro
994 2393 1106 2480 potitae
1127 2396 1195 2462 fere
1208 2395 1362 2479 aquales

265 2494 379 2576 plures
392 2497 468 2580 lego
483 2497 574 2582 apud
593 2499 784 2583 scriptores.
815 2498 894 2574 ¹Est
915 2498 1008 2584 apud
1030 2497 1260 2582 Lampridium
1274 2497 1362 2564 Gar·

264 2595 364 2676 gilius
378 2596 556 2678 Martialis,
570 2600 675 2690 paulo
690 2608 800 2667 tamen
812 2605 928 2674 nosue
941 2598 1098 2666 Martiale
1111 2599 1225 2664 minor.
1262 2596 1360 2664 cele·

264 2695 338 2760 brat
350 2695 491 2763 Tacitus
512 2699 704 2766 Cornelium
724 2699 917 2766 Martialem
937 2699 1184 2790 primipilarem.
1226 2698 1361 2768 laudat

263 2799 375 2860 noster
386 2795 554 2862 Martialis
567 2799 698 2864 iulium
712 2799 906 2866 Martialem
916 2799 1120 2885 familiarem
1129 2819 1239 2864 sunm
1261 2799 1361 2865 Vixit

262 2893 378 2958 eodem
390 2897 459 2960 fere
473 2916 549 2962 aevo
565 2899 600 2967 S.
616 2898 795 2978 Martialis,
809 2899 984 2966 Gallorum
999 2898 1222 2984 Mystagogos
1236 2901 1359 2968 Ieme
1447 2957 1452 2970 .

264 2993 410 3062 vicensis
433 2997 602 3078 Pontifex,
631 3000 766 3082 seriptis
791 3001 935 3085 primum
955 3001 1027 3066 sois
1046 3000 1256 3080 nobilitatus,
1284 3001 1359 3066 dein

262 3095 364 3162 etiam
391 3101 551 3182 sangnine
571 3121 634 3185 prc
661 3100 787 3168 Christi
815 3103 950 3168 nomine
978 3101 1117 3188 profuso
1145 3108 1357 3187 purpuratus

264 3195 379 3264 Notus
394 3204 447 3266 est
460 3206 496 3264 et
509 3201 567 3266 ille
582 3201 753 3268 Martialis
766 3205 859 3288 apud
874 3203 1103 3270 Herodianum
1114 3203 1233 3268 lib.1v.
1256 3201 1359 3268 Gara·

262 3298 340 3362 calli
354 3319 540 3384 percussor.
583 3302 637 3368 De
658 3304 825 3372 Kalendis
847 3305 983 3371 Martiis
1002 3303 1114 3390 potitae
1134 3303 1298 3372 natalitiis
1310 3305 1358 3368 ita

264 3413 304 3464 x.
319 3397 372 3466 24.
396 3399 566 3468 Martialis
580 3404 654 3488 ipse
668 3405 778 3470 canit:

432 3500 575 3570 Natales
589 3504 822 3580 milriMartiae
836 3505 1014 3585 Kalendae,

432 3601 510 3668 Lux
524 3605 695 3672 formosior
708 3607 864 3672 omnibus
881 3606 1055 3673 Kalendis.

261 3708 295 3768 et
307 3701 365 3768 lib.
380 3702 501 3766 eodem
512 3725 567 3787 ep.
581 3707 634 3770 92.

430 3803 574 3869 Martem
587 3824 735 3871 mearum
746 3807 932 3890 principem
946 3807 1183 3872 Kalendarum.

302 3902 439 3989 Gnqnns
461 3906 556 3970 audit
573 3905 665 3988 apud
687 3906 919 3989 Lampridium
939 3907 974 3970 in
996 3905 1191 3972 Alexandro
1208 3905 1353 3975 Severo:

259 4009 319 4069 ‘nt
345 4005 510 4072 Martialis
535 4005 644 4085 coci:
665 4009 785 4092 inquit,
808 4006 1039 4091 ‘epigramma
1060 4007 1238 4090 significat,
1259 4009 1353 4092 qnod

259 4110 375 4172 cenna
389 4107 557 4191 quandam
572 4106 716 4172 Gelliam
730 4109 869 4193 scripsit
881 4107 1087 4192 hujusmodi:
1103 4107 1190 4174 Cum
1203 4109 1352 4192 leporem

258 4203 384 4270 mittis.’
428 4207 579 4292 (loquum
594 4211 675 4274 item
690 4209 839 4294 appellat
850 4210 874 4276 J
876 4229 1002 4277 oannes
1017 4211 1274 4278 sarisberiensis
1293 4210 1350 4276 lib.
