3159 4925
519 448 555 495 u.
581 448 665 497 van.
690 448 897 499 nanninus
921 451 1022 501 vrrs.
1292 441 1315 505 9

212 589 359 657 Claudio
374 596 408 655 et
424 588 556 657 Othone
577 596 732 657 testatum
752 590 898 676 reliquit
942 596 1077 661 Bilbilis
1091 596 1224 662 oolonia
1239 596 1310 662 Au·

210 698 311 777 guste
323 692 418 759 diota
430 698 494 771 ost,
508 696 549 759 ut
561 694 637 777 ipse
652 694 770 758 sorilrit
785 710 827 759 x.
841 695 917 760 loa

342 792 545 879 Municipes,
560 794 717 878 Augusta
729 796 811 863 mibi
822 816 911 881 quos
925 798 1060 865 Bilbilis
1073 802 1143 865 sori

386 895 502 961 Monte
516 903 627 963 creat:

213 1002 249 1062 et
260 1000 354 1062 extat
366 997 403 1061 in
416 998 545 1065 Tiberii
560 998 647 1085 Imp.
661 1018 751 1067 aereo
764 1020 912 1080 nummo,
926 1000 1113 1069 Auousrs
1128 1002 1312 1071 Brunrnrs.

213 1097 451 1183 Vespasianus
464 1108 574 1167 autem
594 1101 705 1167 Plinio
724 1110 812 1167 teste
826 1120 882 1168 m.
896 1103 929 1169 3.
950 1104 1118 1170 universae
1133 1104 1314 1189 Hispaniae

208 1202 267 1285 jus
279 1198 372 1265 Ietii
384 1199 489 1281 dedit,
504 1202 675 1269 ciuitatem
689 1210 810 1289 postea
823 1204 1029 1271 cancellus.
1066 1204 1177 1272 Marci
1187 1227 1265 1291 erge
1280 1215 1314 1273 et

213 1300 344 1368 Valerii
358 1303 505 1382 nomina,
520 1324 613 1371 more
634 1306 759 1371 eivinm
773 1306 1017 1385 Romanorum,
1032 1308 1092 1391 qui
1105 1326 1314 1391 praenomen,

213 1422 342 1484 noman
355 1423 540 1487 cognomen
551 1406 711 1485 terebant,
733 1406 798 1473 sebi
819 1407 925 1492 polita
945 1408 1039 1489 legit,
1061 1402 1310 1475 meatureor

215 1522 289 1570 suo.
332 1503 443 1571 Marei
463 1506 550 1573 sorte
572 1514 607 1573 et
629 1504 810 1586 Martialis,
833 1508 925 1592 quod
938 1503 1059 1581 ¹tuerere
1083 1508 1204 1574 Martis
1217 1518 1313 1575 esset

213 1605 333 1671 editus
377 1606 433 1671 lili
455 1607 544 1673 enim
567 1604 689 1687 Marsi,
710 1616 750 1674 ut
771 1612 901 1674 veteres
924 1610 1072 1690 trudunt,
1092 1611 1311 1677 vocabantur.

213 1704 345 1773 Valerii
367 1726 489 1774 nomeu
514 1710 568 1775 vel
591 1730 614 1776 a
638 1708 831 1777 Maecenate
856 1730 919 1777 suo
943 1712 1058 1796 aliquo
1082 1712 1232 1791 Valerio,
1256 1713 1315 1777 vel

214 1807 355 1873 Valerio
380 1808 505 1875 Flaooo
532 1810 688 1877 familiari
714 1811 829 1895 polita,
853 1813 909 1878 vel
933 1814 1021 1879 forte
1047 1816 1093 1879 ob
1120 1814 1314 1879 memoriam

213 1910 354 1990 camni,
374 1930 473 1994 quam
495 1915 546 1977 est
567 1911 734 1991 imitatus,
756 1914 817 1996 qui
841 1921 876 1978 et
895 1914 973 1998 ipse
997 1912 1155 1981 Valerius
1176 1914 1317 1993 senet,

216 2012 283 2078 sibi
298 2013 436 2080 sumsit:
458 2032 523 2079 neo
536 2012 626 2079 enim
639 2032 661 2079 a
674 2015 859 2099 majoribus
869 2024 1060 2100 acceptum
1081 2016 1234 2093 arbitror,
1248 2018 1315 2081 etsi

214 2122 282 2179 non
296 2113 424 2197 ignoro,
444 2114 579 2181 nomina
600 2116 697 2181 noris
718 2117 852 2181 civibus
874 2122 1026 2181 assumta
1050 2120 1095 2181 ab
1109 2118 1163 2195 iis,
1178 2134 1316 2201 quornm

215 2214 564 2281 butalieiooivitatem
585 2217 828 2301 impetrassent,
849 2235 912 2282 sua
932 2236 1012 2281 roro
1033 2236 1096 2301 pro
1110 2216 1315 2300 cognomini·

215 2317 278 2382 bus
292 2322 433 2383 serrata
477 2316 579 2397 Quod
592 2318 650 2383 lib.
666 2334 692 2384 1.
706 2318 852 2384 debello
866 2319 1004 2384 Gallico
1020 2317 1137 2385 Caesar
1154 2318 1316 2395 ostendit,

215 2436 293 2486 oum
307 2418 374 2486 ait:
396 2417 740 2486 ‘Commodissimum
761 2420 873 2486 visum
895 2425 959 2498 est,
974 2417 1024 2484 M.
1039 2418 1213 2486 Valerium
1233 2419 1317 2484 Pro-

214 2520 340 2598 ollium,
354 2519 432 2586 Gaii
443 2519 573 2585 Valerii
587 2519 730 2588 Caburri
743 2521 862 2600 filium,
884 2520 983 2604 eujus
996 2527 1092 2604 pater
1105 2539 1128 2586 a
1141 2520 1228 2584 Gaio
1242 2519 1315 2586 Va·

216 2622 299 2687 lerio
313 2621 442 2687 Flaooo
455 2621 592 2686 civitate
612 2619 758 2698 donatus
779 2626 861 2699 erat,
882 2619 1032 2686 mittere!
1074 2619 1119 2686 Et
1134 2619 1257 2685 (lioero
1272 2621 1317 2686 arl

216 2721 383 2788 Acilium:
406 2724 418 2758 ‘
433 2721 521 2787 Cum
535 2721 708 2787 Demetrio
722 2719 827 2805 Mega
846 2721 929 2787 mibi
948 2719 1048 2787 vetus
1057 2720 1240 2804 hospitium
1253 2725 1317 2786 ost

216 2821 260 2888 El
284 2821 465 2890 Dolabella
480 2829 600 2907 rogatu
622 2839 698 2887 meo
719 2823 892 2888 civitatem
915 2822 1116 2908 impetrarit,
1140 2841 1208 2907 qna
1227 2823 1263 2887 in
1280 2841 1319 2888 re

217 2941 280 3008 ego
304 2923 450 2992 interlui.
494 2923 615 3008 Itaque
641 2941 730 2988 nuno
755 2919 797 2988 Ρ.
813 2921 990 2989 Cornelius
1017 2924 1181 2988 vocatur?
1223 2921 1319 2989 Idem

218 3025 263 3092 ad
288 3025 430 3092 eundem
453 3025 621 3092 Aeiliumr
653 3022 719 3089 «u.
742 3023 927 3090 Avianium
952 3023 1178 3090 Philoxenum
1203 3023 1320 3091 (laesor

216 3145 293 3192 meo
328 3126 493 3192 beneflcio
520 3125 556 3192 in
588 3125 868 3192 Novocomensee
902 3125 1025 3203 retulit,
1052 3143 1177 3191 nomen
1204 3132 1318 3193 autern

218 3227 357 3295 Arlanii
373 3235 574 3296 consecutus
595 3234 657 3306 est,
680 3227 772 3311 quod
792 3226 927 3292 bomine
945 3226 1038 3292 nullo
1058 3225 1136 3312 plus
1154 3245 1238 3293 usus
1253 3237 1319 3306 est,

218 3347 323 3414 quam
338 3329 464 3396 Flaooo
487 3327 635 3396 Avianio
652 3347 729 3393 meo
750 3325 1049 3393 familiarissimo'·
1077 3327 1167 3394 Item
1179 3327 1217 3392 iu
1233 3329 1319 3396 Ver·

219 3450 309 3498 rem:
332 3429 403 3511 ‘Q.
424 3431 579 3498 Lutatium
601 3429 773 3496 Diodorus
793 3428 958 3493 bonefisio
980 3427 1025 3506 Q.
1047 3427 1159 3493 Catuli
1181 3427 1321 3514 asylis

220 3533 307 3598 airis
337 3533 510 3598 Romanum
531 3532 651 3608 laetus,
677 3529 863 3612 eademque
888 3529 1017 3593 ratione
1039 3527 1082 3590 de
1110 3527 1233 3607 Dione,
1260 3531 1319 3613 qui

219 3633 383 3700 beneficio
397 3631 442 3713 Q.
458 3631 590 3700 Metelli
612 3631 699 3698 uiris
718 3630 842 3708 faetus,
862 3630 907 3709 Q.
922 3626 1085 3694 Caecilius
1099 3627 1168 3692 Dio
1185 3638 1239 3693 est
1259 3648 1319 3715 ap·

220 3734 388 3820 peilatus!
424 3733 497 3801 Sub
510 3732 779 3818 imperatoribus,
792 3750 869 3797 oum
882 3729 1037 3797 Romm
1049 3730 1170 3795 oirltes
1185 3731 1320 3813 integris

71 3871 78 3880 ·
216 3836 405 3920 provinciis
418 3835 561 3914 deretur,
580 3835 628 3912 bi,
650 3833 710 3920 qui
731 3833 905 3899 civitatem
925 3829 1118 3898 Romanam
1136 3851 1319 3915 conseque-

219 3937 354 4017 bantur,
374 3936 431 4004 rel
446 3937 665 4022 imperatoris
679 3953 873 4020 praenomen
886 3942 921 3999 et
935 3951 1068 4011 nomen,
1083 3931 1139 3998 vel
1153 3933 1242 4016 ejus,
1257 3941 1318 3998 aut

221 4056 351 4117 eorum,
365 4057 507 4124 quorum
521 4037 693 4123 proeeipue
715 4035 871 4104 subsidio
886 4036 1057 4102 civitatem
1070 4037 1319 4118 impetrassent,

221 4137 358 4206 nomina
378 4140 532 4205 ferebant
574 4138 702 4204 Verum
724 4157 801 4203 cum
821 4135 1012 4202 Antoninus
1032 4133 1228 4202 Caracallus
1249 4133 1319 4200 Irn-

222 4249 359 4325 perator
380 4240 654 4308 constitutionem
676 4237 852 4320 edidisset,
871 4256 948 4322 quae
969 4239 1028 4304 lib.
1053 4253 1080 4304 1.
1105 4237 1319 4321 Digestorum
