3159 4925
255 408 299 475 22
534 424 767 475 ussurrrosrn
793 423 843 473 us
865 420 1074 471 narinus.

256 569 355 634 trivio
379 567 552 652 appellati
575 566 710 633 Nollem
733 562 919 630 excidisset
942 564 1017 630 viro
1042 582 1166 647 magno
1184 564 1251 628 laon
1261 562 1353 647 judi·

257 670 346 735 oium
357 670 479 754 judieii
490 668 662 734 dissimile.
708 667 802 733 Nihil
816 666 860 732 ad
875 666 1044 732 Catullum
1066 665 1242 744 Martialis,
1258 668 1351 731 scio:

256 770 314 835 sed
328 778 362 835 et
375 771 438 837 hoo
453 768 537 849 scio,
557 768 807 853 Epigrammata
831 768 890 833 illo
911 788 975 833 neo
996 768 1032 831 iu
1058 767 1156 832 trivio
1178 776 1271 845 nato,
1292 786 1353 832 neo

257 872 417 938 omuiaiu
432 871 588 937 triclinio.
636 870 747 936 Multa
759 869 807 935 soe
829 890 863 949 a,
881 872 1043 935 obsooena
1063 870 1099 933 in
1121 867 1297 935 Martiale:
1319 876 1354 935 at

255 972 440 1040 mehercule
465 974 501 1038 in
525 992 591 1037 uno
611 970 738 1037 Catulli
758 971 877 1037 libello
902 990 968 1037 uon
994 971 1183 1055 pudiciora,
1196 972 1353 1054 sedpau-

257 1074 361 1173 oiorp.
405 1073 542 1158 Ignorat
553 1074 716 1140 saeculum
730 1073 823 1151 illud,
836 1073 895 1157 qui
907 1073 974 1138 hoo
988 1080 1137 1138 accusat.

300 1255 346 1320 Et
360 1263 481 1334 cetera,
502 1256 562 1339 qui
576 1256 624 1321 ibi
640 1262 823 1341 sequuntur
847 1261 941 1320 tanto
964 1255 1036 1319 viro
1054 1252 1201 1337 indigna.
1244 1253 1355 1319 Pudet

257 1376 311 1421 me
327 1356 467 1440 judicii:
491 1354 582 1442 quod
596 1358 683 1423 inira
703 1359 791 1421 inter
804 1355 995 1421 Infelioium
1010 1353 1208 1421 criticorum
1225 1355 1355 1439 judicia

257 1459 445 1523 merebatur
458 1456 585 1523 locum.
625 1457 694 1523 Sed
708 1456 847 1542 reliquis
862 1458 929 1522 tuis
942 1458 1068 1523 meritis
1081 1457 1293 1552 luorileoisti,
1308 1457 1354 1521 mi

259 1558 366 1641 Lipsi,
389 1559 475 1624 hanc
489 1568 602 1624 notam
618 1559 814 1625 censoriam.

360 2090 644 2168 SINISTRA
684 2093 966 2179 QUAEDAM
1005 2095 1255 2172 JUDICIA

493 2280 787 2349 rnrunrcruu
812 2252 1121 2351 carmennum

588 2551 1029 2675 MARTIALE·

262 2851 415 2937 Rsphalil
429 2851 686 2934 volaterranus,
708 2855 934 2920 Commentnr.
956 2854 1166 2919 Urbanorum
1186 2854 1244 2920 lib.
1262 2872 1356 2922 xvrr.

306 2986 356 3050 Μ.
370 2985 526 3053 Valerius
543 2988 729 3067 Martialis,
751 2987 861 3056 Polite
883 2987 1180 3072 Epigrammatum,
1200 3009 1220 3052 e
1241 2990 1358 3056 Bilbili

262 3087 388 3171 oppido
403 3088 606 3156 Celtiberiae.
651 3089 773 3156 Romoe
788 3109 896 3156 anuos
911 3089 1043 3172 triginta
1063 3098 1302 3168 commoratos,
1322 3091 1358 3154 in

263 3188 466 3273 Hispaniam
479 3191 613 3256 demum
627 3193 770 3269 revertit,
792 3211 921 3274 pauper
935 3190 1123 3266 admodum,
1144 3195 1177 3254 et
1199 3192 1324 3258 viatico
1338 3211 1360 3263 a

264 3287 376 3356 Plinio
400 3289 549 3376 Nepote,
578 3302 617 3358 ut
643 3293 678 3358 iu
704 3293 778 3377 ejus
802 3292 962 3376 Epistola
987 3292 1187 3369 declaratur,
1210 3292 1357 3375 adjutus.

264 3387 404 3456 Amicos
428 3391 536 3458 coluit
560 3393 710 3472 Stellam,
733 3393 854 3458 Silium
880 3392 1045 3458 Italicum.
1096 3391 1235 3458 Asoitus
1264 3399 1298 3459 ot
1325 3395 1359 3457 in

264 3491 412 3557 ordinem
428 3475 635 3578 Equestrem,
657 3501 690 3559 et
705 3493 785 3580 jura
809 3495 908 3560 trium
930 3494 1106 3560 liberorum
1127 3493 1270 3579 adeptus
1290 3502 1358 3560 est:

263 3593 398 3677 reliquit
412 3595 697 3680 Epigrammatum
712 3596 834 3662 librum
846 3596 982 3662 omnino
995 3595 1220 3678 rejiciendum,
1233 3597 1359 3680 quippe

265 3697 323 3778 qui
338 3715 447 3779 neque
459 3697 630 3780 elegantias
646 3698 777 3764 Latinae¹
793 3717 901 3781 neque
914 3697 1061 3763 moribus
1075 3701 1190 3781 prosit.

266 3859 397 3926 Paulus
420 3858 555 3938 Jovius,
579 3863 615 3926 in
643 3861 767 3944 illogiis
790 3860 949 3927 Viromm
977 3863 1084 3927 literis
1107 3861 1303 3944 illustrium,
1325 3865 1359 3930 in

567 3963 686 4028 Marco
702 3961 853 4028 Antonio
868 3963 1060 4029 Casauova.
1120 4015 1130 4031 .

310 4096 360 4161 Μ.
374 4094 456 4161 Aut.
470 4096 671 4176 Gasmovse,
686 4097 852 4174 (lomense
865 4106 960 4183 patre
975 4097 1095 4163 Musae
1109 4099 1233 4182 genito,
1253 4101 1362 4182 arguti

267 4197 529 4282 Epigrammatis
544 4199 691 4284 palmam
703 4200 823 4266 detulit
833 4201 891 4266 illa
903 4201 979 4286 ipsa
993 4199 1117 4278 Roma,
1130 4219 1255 4266 severa
1269 4201 1361 4267 arnis
