3159 4925
490 434 722 487 rsunruosrs
749 436 798 485 nn
824 434 1030 486 tinomaus.
1267 421 1311 487 19

209 580 346 666 posuit:
368 576 480 645 Poeta
491 596 575 645 nero
588 584 775 663 temporum
786 578 969 645 Alexandri
982 578 1055 645 heae
1068 582 1102 645 in
1117 599 1192 645 eom
1207 580 1310 646 dixit:

293 680 475 747 Pulchrum
492 680 583 764 qood
595 680 692 745 vides
706 700 783 745 esse
797 688 947 745 nostrum
961 700 1082 764 regem,

300 780 409 861 Quem
422 781 541 867 Syrum
557 801 621 846 sua
635 782 753 847 detulit
768 801 930 865 propago,

299 881 452 947 Venatus
466 881 560 961 facit,
575 887 609 948 et
623 884 722 967 lepus
735 902 906 948 comesos:

253 1068 260 1079 ι
301 982 354 1049 En
369 1004 437 1068 quo
452 983 644 1049 continuum
659 984 750 1069 capit
761 984 921 1067 leporem.

386 1151 511 1219 Sollius
526 1152 686 1218 Sidonius
700 1151 919 1236 Apollinaris.
957 1152 1067 1217 Garm.
1086 1168 1139 1219 rx,

391 1286 465 1351 Non
480 1286 648 1353 Gaulicus
661 1288 715 1353 hio
728 1288 790 1352 tibi
804 1289 943 1369 legetur,

387 1386 468 1452 Non
483 1384 629 1467 Marsus,
644 1386 752 1465 Pedo,
767 1387 884 1466 Silius,
897 1388 1064 1465 Tibullus,

386 1486 456 1552 Aut
469 1487 610 1553 mordax
625 1489 699 1553 sine
713 1487 779 1553 fine
795 1486 976 1589 Martialis.

586 1664 680 1731 Idem
696 1664 808 1731 Germ.
824 1680 939 1729 xxur.

387 1795 479 1875 Quid
496 1796 603 1861 celsos
618 1798 765 1861 Senecas
780 1798 912 1881 loquar,
929 1797 1089 1863 velillum

389 1897 498 1975 Quem
511 1897 572 1963 dat
587 1896 722 1963 Bilbilis
737 1896 811 1963 alta
825 1896 1028 1975 Martialem,

386 1998 559 2064 Terrarum
573 1997 745 2080 indigenas
761 1996 988 2096 Ilaericaromt

235 2165 386 2230 Joaones
408 2164 684 2243 saresberiensis,
706 2164 830 2231 Curial.
854 2165 983 2248 Nngor.
998 2167 1057 2231 lib.
1071 2180 1135 2230 vn.
1151 2188 1226 2252 cap.
1240 2169 1294 2235 12.

259 2298 438 2365 Poeticum
452 2300 546 2365 illum
562 2307 596 2365 te
620 2302 732 2367 subito
753 2301 928 2366 miraberis
950 2301 1116 2368 iuvenisse
1138 2303 1314 2386 pictorem,

218 2405 277 2485 qui
291 2402 337 2467 ad
350 2404 471 2480 emula,
487 2420 565 2486 quae
579 2402 763 2469 necessitas
776 2403 892 2487 exigit,
917 2404 985 2468 soit
998 2404 1142 2470 sonasse
1157 2408 1314 2474 simulare

214 2523 426 2588 cupressum.
470 2505 607 2587 Desipit
620 2505 668 2570 ita
685 2504 796 2570 Rufos
810 2507 846 2568 io
860 2505 995 2583 Naevia,
1009 2525 1031 2570 a
1043 2527 1110 2590 qua
1125 2527 1212 2585 eum,
1227 2516 1315 2576 teste

216 2606 350 2691 (loquo,
364 2605 476 2670 nullus
490 2625 591 2670 casus
606 2605 734 2671 avertit.
779 2605 871 2669 Nam

301 2706 474 2790 Quicquid
490 2707 559 2791 agit
573 2706 699 2788 Rufus,
713 2707 797 2771 nihil
811 2713 862 2772 est
875 2708 942 2771 nisi
958 2706 1081 2773 Naevia
1097 2709 1208 2790 Rufo;

346 2808 382 2873 Si
398 2809 533 2890 gaudet,
547 2809 576 2873 si
592 2807 661 2885 flet,
673 2808 704 2873 si
719 2815 818 2887 tacet,
832 2809 917 2873 hanc
931 2808 1086 2893 loquitor.

303 2909 437 2988 Coeoat,
454 2911 622 2996 propinat,
635 2911 759 2994 poscit,
773 2917 885 2993 negat,
900 2911 1017 2988 innuit,
1032 2929 1099 2976 ona
1113 2919 1166 2978 est

345 3011 489 3078 Naevia:
513 3013 544 3078 si
558 3031 626 3078 noo
640 3015 684 3078 sit
701 3011 835 3092 Navia,
846 3019 961 3078 mutos
974 3013 1047 3078 erit.

217 3113 295 3178 Lib.
313 3130 336 3176 1.
353 3113 466 3198 Epigr.
481 3115 537 3180 68.

564 3282 660 3349 Idem
674 3284 732 3350 lib.
750 3299 830 3347 vus.
844 3300 922 3365 cap.
935 3281 967 3346 6.

262 3415 457 3500 Peregrinos
471 3416 590 3482 odores
605 3437 673 3482 noo
688 3418 754 3482 nisi
768 3416 942 3482 dissolutis
962 3422 997 3478 et
1018 3401 1224 3480 amatoribus
1237 3435 1317 3480 eon·

218 3518 340 3597 venire,
353 3515 513 3584 Comicus
525 3527 560 3582 et
575 3516 712 3602 coquos
727 3519 857 3582 docent

560 3682 655 3748 Idem
670 3684 728 3748 lib.
744 3682 819 3748 eod·
835 3699 909 3765 cap.
924 3680 977 3745 13.

264 3814 353 3881 Nam
368 3816 550 3882 foenerator
561 3827 601 3882 ut
614 3817 688 3901 plus
702 3816 856 3902 recipiat,
866 3813 1030 3880 interdum
1043 3811 1171 3898 aliquid
1182 3811 1317 3896 praelar-

219 3917 318 3999 gitur.
362 3915 461 3983 Unde
476 3917 632 4002 quuus:

417 4017 562 4086 Munera
574 4019 667 4104 quod
683 4019 820 4085 senibus
833 4016 1025 4101 viduisque,
1038 4019 1097 4083 dcc.

219 4119 294 4184 Lib.
313 4135 361 4184 ιν.
384 4120 499 4206 Epigr.
513 4123 569 4188 dd.
