3159 4925
709 356 808 404 Vtri.

205 497 282 561 Lib.
299 514 369 563 xrr.
384 497 437 563 18.

339 602 399 667 Me
415 602 538 669 multos
553 604 698 687 repetita
711 613 793 689 post
806 605 1010 671 Deoembres

337 702 483 789 Accepit
491 725 568 769 mea
580 706 806 789 rusticumque
818 708 900 773 feeit

339 806 435 871 Auro
451 806 588 872 Bilbilis
603 815 637 874 et
650 810 794 893 superba
805 810 903 876 ferro.

208 905 278 971 Sed
286 906 330 972 de
338 909 449 992 patria
457 908 668 975 Martialiset
678 910 921 979 dehaeBilbili
931 912 1029 997 plora
1040 928 1065 975 ι.
1076 912 1129 977 50.
1163 912 1306 980 Romam

206 1008 310 1087 venit,
339 1029 415 1074 eum
445 1030 567 1075 aunum
591 1018 706 1094 ageret
729 1014 869 1080 aiterum
890 1023 927 1079 et
949 1013 1147 1082 ‚vicesimum
1171 1013 1306 1081 Nerone
1339 1076 1343 1081 .

206 1105 410 1191 imperante:
433 1113 502 1195 egit
514 1114 549 1177 in
562 1114 646 1177 urbe
662 1134 767 1197 annos
781 1116 927 1198 quinque
944 1133 1050 1197 supra
1063 1114 1215 1197 triginta:
1238 1116 1306 1181 dis·

207 1211 313 1274 oessit
333 1212 475 1296 septimo
497 1221 533 1277 et
558 1215 843 1298 quinquagesimo.
897 1212 998 1294 Quod
1025 1214 1101 1298 ipse
1127 1234 1183 1278 me
1209 1215 1308 1281 docet

207 1310 324 1393 polita,
337 1332 415 1378 eum
430 1329 500 1379 xri.
514 1315 569 1380 81.
584 1316 628 1379 de
640 1316 746 1379 hortis
762 1314 936 1381 Marcellae
951 1314 1067 1379 uxoris
1081 1316 1129 1379 ita
1141 1319 1249 1382 canit:

296 1413 438 1481 Munera
451 1422 529 1481 suni
542 1415 687 1481 dominae
701 1423 779 1499 post
792 1418 937 1500 septima
949 1404 1056 1481 lustm
1068 1434 1211 1481 reverso.

209 1512 284 1579 Lib.
298 1532 377 1579 vero
391 1531 430 1579 x.
442 1516 516 1581 let
529 1536 553 1581 a
565 1518 676 1601 patria
690 1537 728 1581 se
738 1516 873 1599 triginta
881 1522 1026 1599 quatuor
1037 1535 1143 1581 anuos
1154 1517 1308 1585 abfuisse

208 1615 319 1680 adhue
332 1618 368 1681 in
381 1619 461 1683 urbe
468 1621 594 1702 degens
605 1618 749 1701 scripsit.
793 1618 901 1683 Porro
913 1633 953 1681 x.
967 1618 1021 1682 24.
1035 1617 1078 1681 de
1094 1617 1168 1681 suis
1182 1617 1307 1695 Kalen-

208 1714 275 1794 dis,
287 1724 399 1783 mouet
412 1738 450 1785 se
464 1722 777 1806 quinquagesimum
792 1720 969 1803 remmom
982 1736 1103 1783 annum
1118 1720 1285 1804 attigisse:

383 1817 667 1905 Quinquagesima
679 1822 751 1885 liba
767 1822 1008 1903 septimamque

287 1990 290 1995 ,
379 1918 516 1985 Vestris
531 1920 689 1985 addimus
702 1921 790 1985 hano
804 1920 891 1985 iocis
906 1939 1061 1984 acerram.

210 2018 266 2083 Ex
282 2019 404 2103 quibus
421 2021 598 2099 concludo,
619 2020 756 2104 politam
774 2021 838 2086 sab
863 2019 1009 2097 Nerone,
1024 2019 1149 2100 Galba,
1163 2019 1309 2102 Othone,

210 2119 367 2201 Vitellio,
393 2121 623 2207 Vespasiano,
646 2122 742 2201 lite,
771 2122 976 2201 Domitiano,
1002 2120 1126 2201 Nerva,
1150 2122 1309 2208 trajano,

210 2220 332 2287 Romae
345 2224 488 2302 vixisse,
503 2243 591 2301 eum,
607 2226 644 2288 ut
662 2225 761 2307 plane
784 2222 904 2302 sentio,
927 2225 990 2287 sub
1012 2224 1153 2306 primum
1169 2224 1309 2308 Trajani

211 2342 343 2401 mnam,
363 2322 456 2408 quod
472 2325 516 2388 ab
531 2344 573 2389 eo
586 2321 816 2407 negligeretur,
827 2323 864 2387 in
878 2326 1020 2407 patriam
1038 2324 1182 2403 redierit,
1195 2326 1310 2409 ibique

209 2428 289 2509 post
301 2424 567 2509 quadriennium,
588 2444 754 2492 summum
774 2424 1034 2509 quinquennium
1052 2432 1219 2503 extremm,
1233 2427 1310 2492 ulti·

209 2545 302 2591 mum
314 2527 396 2591 vitre
412 2525 503 2592 diem
516 2527 684 2608 clauserit,
696 2530 744 2592 ita
758 2535 795 2592 ut
812 2526 1007 2604 laxamente
1019 2525 1090 2590 fere
1105 2527 1237 2604 obierit,
1250 2533 1310 2592 aui

211 2646 332 2692 annum
344 2628 429 2692 ultra
447 2628 552 2693 vitam
565 2629 758 2712 prorogarit.
803 2625 900 2691 Obiit
914 2643 991 2706 ergo
1005 2644 1093 2689 anuo
1109 2633 1189 2708 post
1202 2627 1244 2691 0.
1263 2628 1309 2694 Ν.

171 2757 175 2762 ·
211 2743 285 2792 orv.
300 2733 363 2792 aut
376 2727 504 2812 quinto,
514 2727 652 2812 Trajaui
666 2733 786 2811 quarto
798 2733 860 2792 aut
869 2725 996 2809 quinte,
1005 2726 1091 2791 Sura
1100 2735 1138 2792 et
1147 2727 1311 2796 Serviano

211 2829 329 2892 iterum
358 2827 459 2894 Coss.
489 2827 624 2913 Olymp.
651 2843 814 2894 ooxx.a.
838 2844 879 2892 11.
902 2833 981 2910 poet
1003 2827 1047 2891 U.
1072 2827 1113 2892 C.
1140 2845 1310 2894 occentu.

212 2927 334 2999 Romae
346 2929 552 3008 Domitiano,
567 2929 670 2994 immo
685 2935 720 2994 et
732 2929 814 2994 Tito
828 2947 927 2994 carus
941 2934 1118 3014 motuque
1129 2930 1204 3008 suit,
1217 2951 1311 3012 mag·

211 3032 333 3114 niaque
347 3031 527 3096 honoribus
541 3036 575 3095 et
588 3032 688 3097 donis
706 3027 750 3098 ab
769 3037 910 3113 utroque
930 3036 1085 3105 erratus:
1100 3030 1179 3114 jure
1190 3027 1322 3114 nempe?

213 3133 313 3196 trium
331 3133 519 3210 liberorum,
541 3132 632 3214 quod
653 3132 762 3198 solum
784 3130 972 3215 Imperator
991 3131 1190 3210 conferebat,
1203 3134 1311 3198 mari·

214 3252 346 3319 moeque
370 3238 595 3315 argumntum
620 3235 735 3316 gratim
755 3237 852 3297 erat.-
877 3231 932 3297 De
953 3250 1022 3314 quo
1045 3232 1177 3298 Plinius
1195 3235 1312 3309 minor,

214 3333 365 3413 Tacitus,
379 3333 531 3417 Lipsius,
544 3333 617 3410 alii,
638 3339 671 3400 et
691 3352 754 3399 nos
778 3351 843 3398 suo
865 3332 950 3397 loeo.
994 3332 1168 3402 Gloriatur
1186 3334 1228 3399 de
1246 3335 1311 3399 hoe

215 3453 349 3501 munere
361 3433 460 3518 polita
475 3451 531 3498 ιιι.
545 3435 600 3499 95.

299 3535 447 3602 Praemia
457 3534 599 3600 laudato
614 3533 732 3598 tribuit
744 3532 828 3598 mihi
842 3530 959 3598 cam
972 3538 1124 3614 uterque,

343 3633 576 3718 Natorumque
590 3631 685 3699 dedit
693 3631 773 3717 jura
785 3639 924 3717 paterna
935 3635 1045 3699 trium

215 3737 260 3803 Et
275 3753 330 3802 rx.
341 3736 399 3803 98.

300 3837 484 3923 Rumpitur
497 3837 636 3914 invidia,
650 3837 767 3903 uibutt
777 3835 874 3922 quod
889 3835 1007 3904 (insat
1020 3842 1161 3922 uterque

339 3941 363 4007 J
364 3960 405 4006 us
418 3941 499 4006 milri
512 3945 681 4016 natorum,
695 3937 863 4023 rumpitur
876 3938 1014 4004 invidia

218 4043 264 4109 Et
279 4059 320 4107 ιι.
333 4041 389 4108 ω.

431 4141 597 4207 Natorum
611 4140 693 4206 mihi
704 4141 763 4226 jus
778 4141 876 4206 niun
892 4141 1021 4222 roganti

431 4242 605 4310 Musarum
620 4245 767 4327 pretium
782 4241 877 4307 dedit
889 4260 1047 4316 mearum,
1122 4257 1126 4262 ’
