3159 4925
463 976 954 1059 sunnurssroro
1095 933 1102 948 ’

129 1304 134 1313 ,
303 1224 1114 1347 DELPHINO

626 1512 662 1579 S.
685 1512 725 1577 Ρ.
749 1512 793 1578 Ι).

320 1722 642 1803 VINCENTIUS
672 1722 941 1803 COLLFSSO
971 1724 1015 1800 J·
1044 1726 1094 1801 C.

526 2006 888 2019 m

161 2252 264 2345 Mos
291 2280 451 2364 antiquus
474 2280 574 2345 etiem
599 2298 687 2345 nuuc
708 2279 846 2356 obtinet,
870 2280 1128 2348 Snunnrssrun
1154 2282 1255 2348 Dru·

162 2397 292 2458 rurus,
308 2382 414 2466 utqui
428 2379 609 2447 literarium
631 2400 717 2466 opus
740 2382 776 2445 in
790 2382 903 2447 lucem
916 2381 1063 2448 editurus
1079 2383 1135 2460 sit,
1149 2385 1255 2449 vindi-

17 2499 18 2514 *
161 2502 233 2548 cem
257 2483 325 2549 sibi
349 2483 509 2548 edversns
531 2483 716 2548 malevolos
737 2482 907 2547 conciliet
951 2483 1099 2548 Felicem
1114 2483 1254 2550 Mortis·

160 2583 239 2660 lem,
254 2583 311 2667 qui
327 2582 460 2649 taudem
475 2584 633 2649 hodierno
645 2584 700 2648 die
713 2583 756 2646 ed
769 2583 822 2646 Te
833 2583 987 2662 accedet3
1007 2602 1060 2647 me
1071 2583 1254 2649 feliciorem

162 2683 313 2760 dixerim,
349 2683 407 2766 qui
451 2683 544 2762 Tibi,
578 2684 834 2748 Snunurssrun
870 2681 1087 2762 Duururun,
1121 2683 1255 2749 efferum

160 2783 311 2866 lepidum
339 2783 424 2849 hunc
449 2783 604 2861 Pedium,
632 2783 669 2847 in
698 2781 875 2865 carpendis
902 2782 994 2848 vitiis
1017 2785 1255 2862 acutissimum,

160 2884 292 2948 virtutis
316 2902 396 2948 uero
420 2883 626 2948 defensorem
648 2884 857 2949 acerrimum.
901 2883 943 2948 ln
959 2903 1043 2950 usus
1062 2893 1140 2952 tuos
1155 2888 1254 2971 jussu
1291 2949 1297 2960 ,

161 2984 329 3050 Ludovici
357 2983 470 3067 Magni
507 2985 779 3068 Interpretotioue
818 2991 854 3048 et
892 2983 993 3049 Notis
1027 2985 1255 3052 illustrandum

160 3085 255 3150 illum
271 3104 487 3170 susceperam
501 3102 509 3147 :
531 3081 591 3150 sed
605 3085 678 3150 foto
689 3089 802 3150 nostro
816 3086 925 3150 serius
947 3087 985 3150 in
1007 3085 1117 3152 lucem
1131 3084 1255 3170 prodiit

160 3185 281 3264 Polite,
295 3188 358 3252 ebs
371 3185 423 3250 Te
438 3185 568 3269 pridem
582 3184 700 3250 nedum
726 3183 891 3250 Minervoe
914 3184 1005 3263 ludo,
1026 3187 1085 3251 sed
1102 3192 1136 3253 et
1154 3187 1255 3253 disci·

158 3287 260 3370 plinus
283 3287 448 3371 equestris
472 3285 583 3352 stadio
606 3286 744 3350 feliciter
765 3286 918 3351 decurso.
963 3285 1003 3351 Iu
1018 3287 1070 3351 Te
1084 3287 1170 3352 enim
1185 3295 1254 3356 tam

161 3388 302 3470 egregio,
315 3392 350 3453 et
362 3395 434 3454 tam
456 3387 622 3471 praecloru
640 3386 772 3451 indoles
790 3395 856 3464 est,
878 3391 928 3464 ut,
943 3388 1065 3470 quibus
1084 3387 1254 3456 indulsisti

161 3487 512 3566 artibus,iisomnibus
522 3506 684 3552 summum
694 3486 847 3551 attuleris
859 3491 1094 3552 ornamentum.
1139 3487 1253 3565 Quen·

160 3591 214 3652 tus
224 3606 303 3652 vero
319 3589 366 3653 sit
378 3589 446 3654 oris
460 3590 509 3654 tui
530 3588 640 3666 decor,
666 3593 794 3672 quanto
815 3606 945 3652 morum
968 3587 1128 3665 suavitas,
1153 3607 1254 3670 quam

87 3713 93 3725 ·
161 3705 238 3752 sore
250 3688 419 3771 ingenium
433 3690 559 3756 tacitus
573 3690 727 3755 admiror.
771 3687 937 3753 Nimirum
957 3693 1132 3772 paternum
1153 3690 1254 3755 refers

162 3787 363 3871 sapientium
391 3791 631 3869 incredibilem,
668 3809 710 3854 ec
740 3808 837 3872 paene
875 3787 1033 3854 divinum
1086 3788 1254 3855 Ludorioi

161 3887 279 3972 Magni
308 3891 528 3969 clementium,
554 3911 608 3956 res
633 3899 757 3975 gestus,
784 3889 1067 3974 disjunctissimos
1100 3889 1253 3972 regiones

160 3989 315 4055 cursibus
328 3999 535 4074 peragratas,
549 3993 647 4057 simul
660 3997 694 4057 et
706 3992 859 4056 victoriis
876 3990 1057 4056 illustrutes
1075 3995 1165 4056 totus
1184 3995 1254 4054 stu·

160 4091 327 4172 petorbis.
362 4091 425 4170 Te,
439 4091 697 4158 Suuuurssrun
713 4093 928 4171 Dnurnrsn,
944 4092 1147 4157 simillimum
1157 4098 1252 4156 tauto

160 4190 300 4272 genitori
311 4189 416 4258 filium
433 4195 534 4260 verbo
552 4213 618 4262 uno
633 4213 710 4259 cum
721 4192 860 4272 *affirmo
874 4187 1010 4276 laudum
1023 4193 1170 4258 omnium
1182 4212 1254 4257 ma·
1363 4244 1366 4247 .

225 4307 313 4371 neos
321 4313 344 4359 et
357 4307 414 4360 Ver.
426 4310 491 4360 Cios.
653 4311 765 4362 Manioi.
1163 4307 1188 4376 ᾼ
