3159 4925
251 378 274 442 6
494 431 496 437 .
657 388 707 437 sn
731 386 930 437 nucnoune.

251 533 386 616 culpam
400 532 436 596 in
449 530 551 595 alium
566 548 666 613 quam
680 530 715 594 in
731 550 767 593 se
783 530 943 595 conferat
987 529 1143 595 Laudato
1160 548 1240 594 sane
1253 526 1346 595 unna
1391 590 1396 599 .

251 654 315 717 que
329 632 484 715 exernplo
498 630 664 713 castigant
675 630 775 695 hodie
789 635 1006 711 castrantqne
1019 631 1191 714 nequiores
1203 630 1342 707 Polites,

251 736 302 799 nti
317 740 352 798 et
364 733 453 799 huno
469 732 628 797 Nostrum
653 730 840 797 Matthaeus
856 730 1031 796 Radems:
1054 731 1147 814 qnod
1162 732 1291 796 etmihi
1306 732 1343 795 in

250 835 362 900 animo
377 842 459 899 erat.
503 832 643 912 Verum,
657 834 795 917 parlim,
810 853 852 898 na
874 852 1029 915 arguerer
1045 831 1203 909 difficilia,
1218 840 1254 897 et
1266 851 1342 914 quae

250 932 351 1000 Delio
366 936 477 1020 aliquo
491 942 642 1001 nataturo
657 940 757 1019 atque
772 934 957 1017 Interprete
972 934 1030 1017 qui
1049 933 1230 1016 Sphingem
1244 950 1344 996 aoce-

248 1036 338 1119 perit
356 1056 443 1121 opus
471 1038 602 1115 habent,
625 1038 692 1121 sub
720 1041 887 1121 praetextu
906 1036 1144 1101 obscoenitatis
1169 1034 1342 1111 omisisse3

142 1178 147 1191 ·
249 1137 382 1219 partim,
397 1138 578 1203 amicorum
603 1139 639 1203 id
662 1159 684 1204 a
709 1157 763 1203 me
788 1137 1036 1220 efflagitantium
1050 1136 1206 1219 precibus
1221 1134 1342 1208 vietus,

249 1235 392 1302 Poetam
403 1239 569 1321 integrum
583 1240 683 1305 edidi.
725 1239 898 1319 Quoniam
912 1244 1024 1302 antem
1038 1242 1049 1271 ‘
1062 1234 1218 1309 eastum,’
1233 1233 1343 1317 ipsius

249 1336 374 1403 Catulli
382 1346 408 1377 ¹⁰
417 1339 560 1423 judicio,
576 1345 587 1374 ‘
603 1339 703 1406 decet
728 1360 805 1405 esse
829 1341 922 1423 pium
947 1336 1343 1418 Posam,’1nterpretem

248 1438 352 1503 multo
366 1441 473 1524 magis
488 1461 566 1507 esse
582 1450 736 1527 oportere
754 1441 916 1526 judicavi,
939 1459 1048 1522 neque
1063 1440 1177 1504 oleum
1199 1436 1342 1500 flammae

247 1539 377 1617 addere,
392 1560 501 1625 nequo
515 1540 657 1608 Veneris
672 1544 809 1619 urticas,
823 1538 885 1602 odra
897 1542 951 1613 τὰς
965 1542 997 1601 ln
1011 1546 1067 1603 τῶν
1080 1536 1202 1617 βιβλίων
1220 1532 1343 1605 ἀκάνθας

247 1635 383 1721 indeptas,
397 1640 481 1702 ἀλλὰ
495 1644 535 1702 τὰ
545 1640 762 1727 χρησιμώτατα
785 1640 834 1702 nal
848 1642 934 1717 ἀκοῆς
946 1638 1059 1717 ἅξια·“
1085 1637 1239 1704 consulto
1260 1634 1342 1718 Epi·

247 1746 431 1821 grammata
438 1741 651 1805 obsooeniora
659 1742 796 1805 silentio
804 1742 1129 1823 praetervexi,¹²quee
1138 1738 1243 1803 alium
1250 1735 1342 1801 malo

248 1858 350 1923 quarn
379 1860 433 1905 sne
456 1841 640 1924 explicare,
662 1842 773 1906 alium
799 1841 1001 1923 intelligere:
1037 1858 1177 1922 quornm
1203 1837 1342 1920 quidem

247 1940 405 2005 lemmata
418 1942 520 2008 obelo
533 1944 569 2007 in
587 1944 695 2026 priore
717 1943 863 2007 editione
887 1942 1053 2019 uanslixi,
1067 1960 1134 2025 quo
1154 1940 1247 2005 uada
1267 1938 1341 2003 hoeo

247 2060 425 2125 caecosque
450 2044 612 2127 scopulos
635 2044 765 2109 cautius
781 2043 961 2108 declinaret
974 2044 1099 2123 lector;
1120 2039 1342 2123 nondiritum

246 2142 291 2206 sd
304 2144 442 2225 lupanar
449 2144 583 2221 intendi,
592 2165 662 2227 qna
675 2164 728 2209 me
739 2146 907 2209 calumnia
920 2146 956 2209 in
966 2145 1093 2210 oircnlo
1104 2164 1166 2209 suo
1178 2141 1340 2207 Graeonlo

245 2244 363 2308 nescio
389 2264 489 2327 quem
511 2252 659 2330 agyrtern
684 2265 750 2310 non
772 2246 895 2329 puduit
922 2248 1149 2328 perstringere.
1201 2241 1342 2307 Horruit

246 2343 329 2407 mihi
342 2345 471 2409 animus
486 2347 613 2429 aperire
627 2349 800 2425 sentinatur,
815 2353 873 2411 aul
889 2366 1024 2412 movere
1038 2346 1208 2411 cloacam:
1230 2362 1340 2427 neque

246 2446 337 2510 enim
350 2447 445 2512 volni
458 2448 521 2513 hos
534 2467 610 2514 esse
629 2448 827 2514 Philaenidis
842 2449 1103 2515 commentarios
1117 2445 1340 2533 spurcidioos,

246 2546 441 2629 Sotadicos,
456 2551 719 2635 lampsacenos,
738 2551 1052 2634 Gineedipolitanos,
1076 2549 1340 2615 Ramiresianos.

246 2644 322 2710 Illis
337 2645 451 2730 itaque
465 2650 699 2732 pretermissis
723 2670 764 2716 ao
790 2651 992 2734 suppressis,
1005 2670 1048 2716 ea
1069 2650 1216 2716 maxime
1230 2646 1339 2729 expli·

246 2765 321 2811 oure
345 2751 445 2830 atqua
474 2767 634 2814 exornare
655 2770 745 2816 eures
772 2752 915 2836 pretium
942 2751 1040 2830 duxi,
1065 2769 1142 2833 qnoe
1170 2747 1338 2819 sublimia,

246 2852 359 2923 acuta,
384 2847 502 2925 mellis,
525 2848 662 2932 leporis,
685 2851 915 2934 piperataeque
937 2849 1107 2914 facundiae
1117 2857 1140 2897 ¹³
1170 2849 1281 2933 plena,
1305 2848 1341 2912 in

244 2948 368 3032 quibus
381 2947 540 3012 ferventis
554 2948 682 3014 fulmen
696 2950 820 3032 ingenii
836 2957 872 3013 et
886 2948 979 3013 salsa
992 2949 1178 3013 dominatur
1190 2947 1339 3013 libertas.

244 3047 411 3131 Denique,
433 3067 477 3113 ne
504 3049 670 3133 proloquii
696 3048 882 3132 amplitudo
911 3050 1082 3130 angustias
1109 3046 1275 3130 regulares
1303 3054 1340 3111 et

240 3141 349 3231 ipsius
372 3149 494 3233 Myndi
513 3150 685 3216 modulum
710 3156 906 3230 excrescat3
935 3150 1104 3232 qnoniam,
1124 3154 1164 3212 ut
1191 3149 1241 3213 ait
1265 3146 1339 3212 Pli-

243 3247 363 3325 nius,¹⁴
375 3249 563 3334 Benignum
576 3256 629 3316 est
643 3259 679 3316 et
693 3253 831 3335 plenum
845 3251 979 3334 ingenui
993 3251 1144 3335 pudoris,
1163 3248 1260 3314 fateri
1280 3266 1340 3330 per

245 3367 333 3432 quos
355 3351 559 3434 profecerim
583 3354 719 3418 obnoxii
743 3362 858 3419 eontra
872 3353 976 3418 animi
996 3359 1031 3417 et
1050 3352 1195 3417 infelicis
1218 3349 1339 3433 ingenii

244 3457 304 3529 est,
319 3450 518 3537 deprehendi
533 3455 568 3520 in
581 3454 671 3521 furto
686 3455 784 3521 malle
799 3474 903 3537 qnam
916 3461 1070 3518 mutuum
1083 3454 1235 3519 reddere:
1257 3450 1339 3534 qnia

244 3553 278 3615 in
297 3560 365 3618 tam
381 3557 500 3621 notati
519 3557 633 3640 operis
656 3557 824 3636 instituto,
846 3557 882 3622 in
902 3576 971 3640 qno
993 3555 1160 3634 brevitati,
1177 3563 1338 3638 quantam

739 3785 846 3836 NO‘l'AE

275 3918 307 3962 lt
325 3911 483 3976 Catuliana]
499 3905 653 3976 Epipaivr.
809 3911 883 3975 λόγῳ.
915 3911 1002 3974 Epiet.
1012 3909 1117 3961 Enolrlr.
1130 3925 1188 3974 esp.
1199 3916 1241 3961 tt.

276 3993 305 4039 ll
327 3989 389 4038 otte
404 3987 457 4050 eds,
475 3987 527 4052 lya]
554 3988 680 4052 Ulpianus
699 3988 769 4053 apud
842 3991 873 4037 1⁸
885 3985 1115 4050 Piperdaepnem
1124 3985 1340 4053 sidoniudpou.

242 4065 397 4114 Athennurn
408 4064 452 4114 lib.
462 4076 508 4114 xv.
519 4067 610 4126 capt.
808 4064 854 4114 lib.
864 4077 890 4114 v.
901 4062 988 4126 Epist.
998 4067 1024 4113 8.

276 4142 307 4188 ru
324 4135 647 4202 mammeae]
666 4139 769 4198 resfa
843 4143 873 4189 u
900 4139 1002 4204 naas,
1020 4137 1071 4202 aa]
1100 4137 1185 4204 nsua
1212 4139 1245 4190 nn
1272 4139 1337 4190 na.

242 4209 786 4276 wummmsdwxrprlmrql'
809 4213 961 4266 Historiam.
