3159 4925
284 384 324 447 16
358 386 361 394 '
526 393 530 401 ·
585 394 624 441 m.
649 393 731 440 vnn.
756 390 963 439 maenianis
987 392 1085 440 vrrs.

284 540 398 615 vitam,
420 554 519 619 quam
539 535 572 599 in
597 535 705 616 patrie
724 534 884 618 sperauit,
904 534 1045 613 iuvenit3
1065 534 1168 600 immo
1183 536 1380 604 aemulorum

284 638 487 720 municipum
511 636 613 700 deute
634 636 801 700 laceratus
820 633 969 712 assidue,
987 654 1033 700 ex
1047 634 1254 718 egritudine,
1269 637 1380 717 oredo,

283 740 385 806 animi
398 738 547 803 morbum
568 736 733 820 concepit,
748 741 783 801 et
796 736 906 820 periit.
950 732 1042 801 Nam
1065 736 1170 820 paulo
1192 742 1281 820 post,
1305 738 1381 821 ejus

281 846 418 905 mortem
446 838 579 904 Plinius
603 838 745 920 eleganti
767 839 813 903 ad
838 838 996 903 Priscum
1016 838 1159 921 epistole
1183 840 1380 922 deploravit,

282 941 448 1024 simulque
470 941 559 1006 velut
585 940 739 1005 funebria
765 939 937 1023 persolvit.
992 938 1118 1005 Forma
1141 940 1210 1005 oris
1238 947 1274 1006 et
1296 960 1381 1007 uooe

281 1042 368 1107 virili
383 1043 457 1119 luit,
480 1042 590 1126 piloso
605 1046 639 1107 et
653 1041 781 1106 hirsuto
795 1060 949 1124 oorpure,
963 1045 1002 1107 ut
1015 1041 1076 1106 illa
1089 1060 1170 1124 gens
1184 1043 1380 1127 plenumque

282 1143 375 1208 solet.
419 1142 499 1207 Hoc
515 1140 619 1225 podia
633 1141 793 1220 ostendit,
807 1161 884 1207 oum
900 1156 939 1207 x.
960 1142 1017 1209 65.
1037 1142 1292 1211 comunionem
1305 1162 1379 1208 car·

281 1246 345 1328 pit,
361 1264 463 1328 seque
478 1242 592 1326 ipsum
606 1244 771 1327 depingit:
1255 1237 1258 1243 ’

496 1344 663 1427 Hispanis
677 1364 740 1428 ego
754 1353 937 1412 contumax
952 1345 1097 1429 capillis,

497 1443 650 1509 Hirsutis
664 1464 727 1527 ogo
740 1446 893 1511 eruribus
914 1447 1081 1530 genisque.

497 1544 548 1609 Os
561 1544 705 1610 blaesum
721 1546 794 1623 tibi,
805 1545 990 1629 debilisque
1002 1546 1120 1628 lingua
1131 1554 1202 1611 est:

497 1645 608 1710 Nobis
622 1646 693 1712 filia
705 1646 821 1711 fortius
835 1646 999 1729 loquetur.

324 1745 537 1829 scripserunt
558 1747 698 1811 eandem
717 1746 884 1812 Martialis
897 1748 1002 1813 vitam
1022 1745 1233 1825 Galderiuus,
1257 1746 1381 1831 Sipon-
1484 1800 1498 1828 ,

282 1848 383 1925 tinus,
396 1845 563 1929 Georgius
578 1845 842 1926 Alexandrinus,
865 1848 988 1913 Petrus
1002 1847 1163 1925 Crinitus,
1184 1852 1219 1913 et
1238 1846 1295 1913 alii
1318 1846 1382 1911 bos

212 1972 215 1977 ·
282 1948 396 2013 secuti.
440 1944 517 2011 Nos
531 1965 577 2011 ex
595 1948 671 2031 ipso
693 1947 852 2013 Martiale
867 1947 1063 2014 Martialem
1077 1947 1245 2013 voluimus
1257 1946 1377 2029 depin-

281 2068 369 2130 gere.
414 2046 493 2112 Hoc
505 2048 682 2115 mantissa
697 2050 774 2114 loeo
787 2049 965 2126 addamus,
974 2048 1176 2132 quibusdam
1192 2045 1381 2113 Martialem

281 2148 394 2212 mum
407 2167 484 2212 esse
508 2167 613 2231 prope
628 2147 865 2215 Christianum.
903 2148 1037 2233 -Aooipe
1058 2167 1104 2213 ex
1126 2146 1316 2231 periphrasi
1328 2166 1383 2213 se·
1395 2204 1409 2225 ,

245 2333 248 2341 Ι
282 2247 391 2313 cnudo
412 2247 589 2313 Juvenalis
604 2246 756 2313 Glarerii
776 2251 898 2315 uerba:
920 2248 1078 2317 ‘sotum
1101 2254 1155 2315 eet
1176 2268 1268 2327 uero,
1291 2245 1383 2314 Mar·

284 2348 398 2413 tialem
423 2366 491 2413 non
513 2342 659 2413 inuisum
673 2368 761 2413 *esse
785 2348 1007 2415 Christianis:
1036 2368 1116 2415 uam
1141 2347 1327 2415 Pudentem
1347 2354 1383 2411 et

285 2446 461 2513 Claudiam
472 2469 538 2533 par
556 2448 669 2515 nobile
683 2469 726 2516 oo
748 2451 851 2517 muto
866 2451 988 2518 Paullo
1007 2448 1288 2536 juenndisrimom
1307 2448 1383 2533 plu·

281 2551 376 2614 rimis
388 2551 423 2615 in
438 2551 561 2616 ooelum
575 2551 733 2617 laudibus
746 2551 852 2618 effert.
886 2550 950 2620 ,Αο
965 2570 1064 2636 perne
1079 2571 1237 2634 auguror,
1259 2556 1383 2616 bemu-

283 2651 353 2715 lnm
368 2652 535 2734 quendam
550 2652 631 2716 solis
654 2653 769 2717 oeterni
790 2652 1017 2718 radimeulunr
1038 2653 1096 2718 isti
1117 2651 1232 2736 poetar
1244 2651 1381 2718 trudan

283 2751 469 2816 affulsisse:
490 2752 571 2816 lieet
583 2754 680 2836 plura
693 2753 769 2836 ejus
782 2753 839 2819 rel
852 2754 967 2835 priora
978 2752 1016 2818 iu
1036 2752 1215 2820 hsciuiam
1229 2761 1381 2834 uergant,

284 2859 324 2916 ut
343 2851 444 2916 bodie
467 2853 581 2918 multis
596 2851 796 2920 Christianis
808 2852 971 2936 contigit!
1013 2852 1086 2934 Fgo
1107 2859 1218 2920 baum
1235 2852 1380 2917 nondum

272 2953 437 3030 inducor,
459 2958 495 3018 ut
505 2953 570 3018 boo
582 2955 628 3020 ad
643 2955 789 3020 animum
803 2953 991 3030 admittam,
1010 2953 1078 3020 niti
1091 2954 1173 3020 milu'
1187 2953 1335 3020 sanctior
1347 2957 1382 3016 et

283 3054 403 3119 oertior
417 3053 511 3118 testis
522 3055 655 3118 tabulas
670 3055 757 3120 alias
771 3054 941 3132 exhibeat,
951 3053 1042 3137 quod
1051 3052 1118 3130 bio,
1128 3073 1226 3136 quem
1240 3053 1381 3129 adduxi,

282 3162 353 3219 tam
367 3156 503 3220 idoneus
518 3158 552 3218 ot
571 3161 709 3220 motus
723 3155 887 3231 rideatur,
909 3173 1012 3238 quan
1031 3155 1108 3237 ipse
1129 3153 1299 3221 Herodis
1318 3159 1380 3216 est

284 3253 421 3318 Pudens
435 3259 545 3318 autem
555 3254 612 3320 ille
623 3262 659 3320 et
669 3243 823 3331 Claudia,
834 3273 921 3337 qaus
931 3254 1120 3324 §.Paullus
1131 3255 1261 3320 saluere
1270 3254 1380 3338 jubet,

283 3374 351 3419 non
372 3353 525 3420 videntur
546 3354 583 3433 ii,
609 3373 696 3439 quos
709 3353 887 3424 Martium
916 3356 1080 3422 celebrat.
1123 3354 1203 3419 Fuit
1224 3353 1312 3421 enim
1335 3351 1378 3419 A„

285 3454 423 3520 Pudens
452 3453 634 3534 Martialis,
664 3457 811 3524 oeutnrio
839 3456 1004 3548 profanus
1031 3463 1068 3525 et
1095 3454 1250 3538 lineolpo
1277 3471 1379 3538 puero

285 3558 519 3639 transcriptus,
550 3576 618 3622 non
642 3557 873 3644 philosophus
916 3559 1090 3626 Praeterea
1115 3557 1224 3626 multo
1248 3556 1317 3620 illie
1345 3554 1380 3618 bi

278 3657 439 3738 juniores,
469 3657 513 3722 do
538 3659 660 3740 qrribus
686 3673 735 3722 lv.
762 3659 815 3725 13.
840 3659 980 3743 prmius.
1024 3659 1165 3727 Pudens
1188 3657 1316 3738 nospes
1341 3651 1391 3718 S.'

282 3755 374 3822 Pedi
400 3756 525 3822 ordinis
543 3757 617 3840 jam
642 3765 714 3824 tum
738 3760 912 3836 senatorii,
940 3779 1009 3824 uon
1038 3759 1197 3826 oeuturio.
1240 3755 1380 3820 Fabulis

282 3855 359 3939 ergo
372 3857 514 3938 gemina,
527 3877 602 3940 quae
612 3865 747 3924 nonam
757 3859 963 3926 Britannicae
974 3859 1201 3942 aequitates,
1211 3877 1235 3925 a
1244 3856 1379 3941 nuperis

283 3957 498 4042 scriptoribus
512 3959 732 4025 concinnatae.
