3159 4925
272 407 315 474 18
552 432 784 483 nnsrruorua
812 432 859 482 nn
883 431 1090 481 usarrsun.

441 574 551 641 Totos
566 574 626 641 dat
639 574 767 642 tetricae
782 574 856 640 dies
872 575 1047 654 Minervae,

445 677 536 741 Dum
550 684 682 743 centum
699 676 809 743 studet
822 678 956 743 auribus
970 678 1114 745 virorum

443 778 535 856 Hoc,
551 779 641 864 quod
655 780 782 845 saecula
794 781 984 865 posterique
997 782 1133 865 possint

442 877 583 962 Arpinis
597 898 731 964 quoqne
744 900 940 964 comparare
954 882 1089 947 chartis.

407 998 409 1003 ’
444 979 546 1045 Seras
561 981 665 1047 tutior
678 982 746 1046 ibis
762 981 807 1048 ad
820 982 997 1048 lucernas:

447 1082 539 1149 Haec
552 1083 636 1149 bora
650 1092 703 1150 est
717 1091 788 1163 tua,
804 1104 880 1151 cum
894 1086 975 1151 furit
991 1084 1128 1170 Lyaens,

443 1184 528 1251 Gum
543 1194 658 1270 regnat
671 1204 760 1265 rosa,
776 1200 855 1251 cunr
870 1185 1007 1252 madent
1020 1187 1155 1271 capilli:

443 1286 541 1352 Tunc
554 1306 608 1351 me
624 1286 676 1351 rel
689 1286 788 1369 rigidi
802 1287 913 1369 legant
927 1286 1082 1353 Catones.

274 1388 439 1461 Meritone
454 1406 543 1468 eum,
556 1390 616 1473 qui
629 1389 696 1454 boc
711 1388 753 1453 de
767 1408 822 1455 me
837 1390 987 1473 scripsit,
1010 1395 1045 1455 et
1067 1395 1146 1456 tunc
1159 1384 1273 1455 dimisi
1285 1392 1366 1457 ami·

274 1490 420 1569 cissime,
437 1495 470 1555 et
490 1508 589 1571 nunc,
610 1498 650 1555 nt
672 1489 925 1567 amicissimum,
940 1490 1133 1557 defunctum
1152 1512 1228 1558 esse
1247 1492 1370 1557 doleol

273 1590 380 1655 Dedit
394 1592 483 1655 enim
495 1591 589 1669 mibi,
604 1598 767 1675 quantum
782 1591 929 1654 maxime
943 1594 1077 1674 potuit:
1098 1590 1237 1656 daturus
1250 1592 1371 1675 ampli·

272 1709 325 1767 us,
342 1691 372 1753 si
386 1691 564 1774 potuisset.
607 1690 757 1754 Tametsi
781 1690 864 1774 quid
886 1690 1014 1755 homini
1028 1699 1143 1776 potest
1165 1692 1237 1756 dari
1258 1692 1369 1776 majus

272 1810 374 1877 qnam
388 1791 502 1873 gloria,
516 1790 603 1869 laus,
619 1796 653 1855 et
667 1791 858 1858 aeternitas't
900 1788 951 1856 At
964 1811 1032 1857 non
1042 1800 1138 1858 erunt
1149 1798 1369 1877 aetcmaquae

271 1894 431 1978 scripsitt
476 1892 557 1958 Non
571 1900 665 1957 erunt
679 1881 842 1959 fortasse:
856 1893 915 1959 ille
925 1902 1037 1960 tanmn
1050 1896 1195 1981 scripsit,
1209 1901 1370 1983 tanquam

235 2032 239 2038 ·
272 1995 393 2063 future.
437 1993 539 2060 Vale.

271 2162 383 2229 AElins
398 2163 609 2247 Spartianus,
633 2163 668 2227 tu
682 2162 723 2227 L.
738 2160 871 2327 Gep‘pnii
884 2160 1073 2241 Commodi,
1098 2163 1171 2229 sire
1185 2160 1269 2227 AElii
1283 2160 1370 2227 Veri

810 2263 870 2329 ita.

315 2395 411 2462 Idem
425 2394 540 2462 Ovidii
561 2396 665 2462 libros
687 2392 851 2462 Amorum
864 2395 900 2459 in
922 2395 1013 2462 lecto
1036 2414 1168 2480 semper
1190 2395 1370 2476 babuisse3

272 2498 362 2564 idem
384 2497 574 2564 Martialem
585 2485 586 2490 ἵ
596 2497 912 2581 Epigrammaticnm
925 2496 1064 2583 poetam
1077 2496 1257 2581 Virgilium
1271 2517 1371 2562 suum

272 2598 415 2678 dixisse,
427 2599 540 2664 fertur.

394 2765 509 2831 AElins
524 2764 753 2848 Lampridius,
769 2765 805 2830 in
819 2762 1008 2829 Alexandri
1022 2764 1139 2831 Severi
1152 2763 1247 2829 Vita.
1322 2780 1325 2784 ·

315 2897 480 2984 Leporem
505 2897 657 2980 qnotidie
680 2899 810 2978 babuit,
832 2898 1046 2963 venationem
1075 2898 1286 2982 frequentem,
1309 2897 1370 2961 sed
1398 2936 1400 2939 -

270 3020 345 3066 eam
360 3015 436 3065 cnm
452 2999 572 3064 amicis
585 2999 768 3079 dividebat,
786 3006 822 3066 et
835 3001 888 3065 bis
903 3000 1051 3065 maxime
1066 3019 1153 3083 quos
1167 2998 1296 3064 sciebat
1309 3017 1370 3084 per

270 3119 307 3164 se
321 3100 533 3166 nonhabere.
578 3098 654 3167 Nee
670 3101 829 3168 divitibus
854 3102 1036 3185 quicquam
1058 3101 1175 3166 talium
1196 3118 1370 3164 munerum

269 3199 375 3280 misit,
397 3202 459 3266 sed
475 3202 518 3267 ab
531 3202 584 3266 bis
608 3221 742 3287 semper
756 3204 899 3288 aceepit.
943 3199 987 3266 Et
1016 3198 1108 3285 qood
1136 3200 1192 3264 ille
1219 3199 1370 3283 leporem

243 3339 249 3358 ·
269 3302 420 3384 quobdie
434 3303 582 3382 baberet,
592 3301 695 3387 jocus
708 3299 870 3368 Po'e'ticns
880 3301 1024 3380 emersit,
1034 3299 1164 3367 idcirco
1176 3299 1267 3388 quod
1275 3299 1370 3364 multi

270 3407 400 3487 septem
412 3401 532 3468 diebus
547 3403 705 3489 pulchros
718 3421 795 3468 esse
808 3403 926 3468 dicunt
940 3423 1000 3467 eos
1014 3403 1072 3487 qui
1091 3403 1240 3487 leporem
1254 3420 1369 3467 come·

270 3499 392 3582 derint,
406 3511 445 3570 ut
459 3505 630 3572 Martialis
651 3503 736 3570 Goci
751 3503 967 3590 Epigramma
982 3504 1158 3588 significat,
1182 3502 1272 3588 qaod
1287 3518 1369 3567 oon·

268 3607 319 3668 tra
339 3605 507 3688 quandam
529 3606 678 3675 Gelliam
709 3607 842 3692 scripsit
865 3607 1075 3694 hujusmodi:
1101 3605 1193 3694 [Lib.
1209 3622 1243 3669 v.
1269 3603 1368 3688 Epig.

353 3805 439 3872 Cum
453 3807 603 3891 leporem
615 3809 728 3887 mittis,
742 3825 874 3892 semper
886 3808 967 3872 mibi
983 3807 1095 3873 Gellia
1108 3803 1260 3883 mandas,

399 3907 534 3992 Septem
548 3909 713 3975 formosus
729 3910 847 3975 Marce
862 3909 982 3973 diebus
996 3909 1075 3972 eris.

355 4011 394 4076 Si
409 4029 522 4076 verum
538 4008 635 4091 dicis,
648 4011 679 4075 si
692 4029 808 4075 rernm
822 4009 934 4076 Gellia
946 4009 1101 4086 mandas,

398 4111 509 4176 Edisti
524 4130 692 4197 nunquam
706 4113 821 4179 Gellia
835 4118 872 4178 tu
885 4111 1041 4196 leporem.

270 4214 340 4278 Sed
353 4212 418 4279 bos
434 4233 550 4278 versus
564 4213 728 4280 Martialis
744 4215 778 4279 in
793 4233 965 4298 eam,qnee
983 4210 1141 4304 deformis
1157 4218 1261 4291 esset,
1274 4229 1366 4278 com·
