3159 4925
605 390 657 438 AD
682 391 882 441 ultusultus·
1266 385 1289 447 7

183 544 297 601 umen
310 534 397 601 ierat
410 533 645 601 elucidationis
660 536 860 615 necessitas,
873 536 1001 614 studui,
1016 554 1082 601 non
1100 538 1198 603 datur
1210 539 1285 604 ubi-

185 657 254 720 que
281 635 363 701 illud
388 636 549 721 profiteri,
578 636 634 701 hic
664 656 812 719 agnoeco
842 657 895 701 me
923 647 1079 704 secutum
1103 639 1286 706 editionem

183 736 374 803 Clarissimi
403 736 479 803 Viri
509 737 601 801 Petri
636 736 811 817 Scriverii3
850 739 1063 805 consuluisse
1089 739 1157 805 Ms.
1183 760 1285 805 unum

182 838 384 904 venerandae
399 838 615 923 antiquitatis
628 843 663 904 et
674 836 754 903 fidei
775 840 886 918 bonae,
909 839 944 903 in
966 840 1180 905 Bibliotheca
1195 840 1285 905 Bod-

182 940 306 1017 leiano,
320 946 359 1005 ut
373 946 407 1006 et
420 941 506 1005 alios
522 939 610 1004 duos
630 938 715 1003 Mes.
731 938 961 1021 Oxoniensos5
988 960 1086 1005 usum
1099 940 1204 1005 luisse
1217 961 1284 1025 ope
1299 1002 1302 1005 ,

187 1048 486 1107 commentatorum
499 1044 664 1126 quotquot
678 1046 794 1106 extant
805 1042 964 1119 omnium,
977 1043 1013 1106 in
1027 1042 1205 1108 consilium
1224 1042 1284 1107 ad·

182 1140 335 1207 hibnisse
363 1142 454 1207 Petri
480 1142 640 1208 Scriverii
667 1143 984 1222 anhnadversiones,
1014 1142 1147 1208 Gruteri
1173 1148 1283 1223 notas,

183 1240 308 1307 Facem
333 1245 466 1324 mium,
489 1252 524 1310 et
552 1242 697 1309 Criticos
725 1245 823 1323 alios,
851 1243 1087 1327 Anthologiam
1111 1245 1283 1327 diligenter

182 1343 379 1425 contulisse,
396 1345 594 1435 Historicos
613 1346 748 1429 insuper
771 1365 885 1411 omnes
909 1354 944 1410 et
973 1351 1132 1410 auctores
1153 1345 1281 1410 Nostro

181 1444 357 1534 συγχςόιους
373 1448 542 1529 relegisse,
559 1466 644 1530 quus
667 1447 712 1511 ad
736 1446 880 1511 Poiitam
904 1446 1151 1527 intelligendum
1172 1446 1282 1510 lacere

176 1546 343 1633 judicavi,
358 1568 499 1631 qnorum
515 1548 601 1613 alios
616 1548 682 1612 cito
698 1546 899 1632 quandoque
913 1551 1031 1625 testes,
1045 1546 1089 1611 ad
1109 1546 1195 1611 alios
1215 1548 1281 1610 lec·

179 1654 286 1713 torem
300 1667 392 1733 saepe
406 1649 580 1715 brevitatis
594 1647 708 1714 studio
722 1650 856 1731 relego:
878 1668 986 1731 neque
1004 1650 1054 1713 sic
1069 1654 1178 1714 mmen
1197 1648 1280 1711 nihil

180 1748 294 1814 ubivis
307 1749 429 1815 iecisse
447 1751 543 1827 satis,
557 1769 664 1833 neque
683 1749 773 1839 aliis.
816 1748 872 1815 Ita
884 1750 985 1833 plane
1000 1748 1176 1833 deplorata
1185 1747 1280 1830 jacet

179 1868 261 1932 spes
276 1852 390 1933 gratiae
406 1851 581 1916 autetiam
603 1850 710 1915 veniae
728 1849 822 1932 apud
841 1850 1031 1933 iniquiores
1048 1848 1278 1933 impetrandae.

178 1948 248 2013 Sed
263 1953 411 2033 gratuita
424 1970 532 2034 usque
547 1951 696 2016 fruantur
709 1951 851 2016 malitia.
894 1950 968 2033 Ego
983 1970 1091 2033 neque
1111 1947 1279 2012 ἀντιλακτί-

180 2054 233 2130 ζινν
244 2058 268 2097 ¹⁵
283 2052 391 2117 Isidis
408 2053 543 2138 bajulos
565 2052 686 2138 μογίιλα
702 2049 888 2131 λακτίζοντας
903 2050 952 2114 καὶ
964 2050 1007 2115 ixl
1022 2049 1080 2114 o'rou
1096 2048 1170 2135 ipyep
1182 2074 1277 2135 μιγα-

179 2152 387 2239 caninam
412 2174 520 2240 neque
547 2174 644 2221 crura
669 2153 867 2237 suffringens
889 2154 1039 2243 canibus,
1067 2154 1125 2235 qui
1152 2153 1184 2216 si
1211 2172 1277 2217 non

176 2252 309 2334 laeam,
320 2255 459 2323 hirriunt
473 2263 584 2321 mmen
594 2264 631 2338 3¹⁷
652 2275 763 2339 neque
779 2260 908 2320 armata
920 2256 1046 2319 elidens
1069 2273 1168 2319 manu
1183 2272 1276 2318 anse-

176 2354 270 2433 ηεξ*
285 2356 421 2421 rabioso
432 2357 575 2422 stridore
593 2358 629 2422 in
654 2376 707 2421 me
724 2354 886 2438 impetum
906 2355 1079 2433 facientes,
1093 2352 1174 2418 dnm
1187 2354 1275 2417 alius

175 2455 259 2521 mihi
272 2457 421 2524 tunicam
434 2457 571 2537 lacerat,
583 2458 674 2525 alius
697 2456 830 2524 vinoida
851 2458 1151 2524 calceamentorum
1165 2442 1276 2520 'resol-

174 2557 237 2636 vit,
260 2559 348 2624 alius
371 2578 448 2626 crus
474 2578 587 2624 meam
616 2564 741 2624 serrato
767 2565 871 2624 vexat
893 2578 1028 2623 morsu:
1064 2555 1274 2632 inscientia,

169 2656 318 2742 judicio,
333 2665 368 2725 et
381 2661 524 2728 caudore
542 2661 745 2728 eruditorum
769 2667 806 2726 et
827 2659 1040 2726 cordatorum
1053 2676 1193 2724 securus
1218 2675 1274 2722 ac·

174 2759 340 2842 quiesco-2

475 2862 506 2927 ri
518 2888 555 2946 μι
569 2857 591 2928 ὦ
605 2861 686 2928 noire
700 2859 795 2926 ἕλκετ’
809 2859 951 2945 duacum
984 2925 988 2932 ,

305 2963 373 3050 Οὐχ
388 2965 450 3046 ὑμῖν
465 2962 583 3046 indecor,
597 2966 655 3038 τοῖς
669 2962 697 3026 δι’
710 2965 742 3045 μ’
758 2959 963 3044 lacerandam.

260 3062 312 3140 El,
327 3066 387 3149 ἐμοὶ
402 3065 552 3154 ἅνθρωπος,
566 3062 733 3152 τρισμύριοι·
751 3069 776 3128 ol
789 3065 812 3129 δ’
827 3061 983 3150 danicum,

302 3166 436 3241 Oidtlffl

667 3329 777 3382 NOTAE

206 3448 236 3493 lu
251 3440 445 3506 ’ΔηιλιιιιτΜ
465 3443 599 3494 Plutarch.
610 3442 644 3494 de
654 3443 699 3493 Su·
774 3448 805 3493 18
815 3441 990 3506 ammes]
1006 3439 1144 3491 Petronius
1152 3437 1270 3488 Arb.sub

170 3519 567 3583 eratqtibmsitdocatfflner.
739 3517 791 3570 fine
804 3520 915 3583 Satyrae.

203 3599 236 3644 lo
258 3593 369 3658 uadis,
396 3595 450 3659 qa]
482 3593 586 3646 Απίιιιί
611 3594 698 3660 Epist.
772 3597 805 3642 lu
820 3590 985 3656 limma]
1004 3589 1081 3654 Diog.
1098 3586 1187 3638 Lairt.
1206 3587 1269 3652 Epi·

168 3671 216 3723 lib.
227 3685 270 3723 ιιι.
280 3687 336 3736 cap.
348 3674 389 3722 ld.
739 3683 846 3732 mamm.
853 3669 880 3719 in
888 3668 933 3719 lib.
943 3664 1162 3718 Heracldutltol.
1170 3663 1217 3715 lib.
1225 3677 1270 3713 ιιι.

202 3751 235 3798 ll
252 3749 338 3814 Gran,
350 3747 403 3812 dra]
427 3747 521 3799 Cicero
538 3763 586 3814 pro
604 3746 700 3799 Roscio
738 3758 798 3810 cup.
808 3748 849 3795 ⁸8.

168 3822 261 3876 Amet.
