3159 4925
506 442 810 491 urrunnnnsrun
839 442 909 488 cre.
924 443 989 489 ru.
1233 418 1299 487 537

698 684 800 749 LXI.

470 821 522 869 au
545 814 729 869 cnsrnun
754 808 1022 887 eenrrsnioun.

199 918 455 988 Ansnuunnsu
471 932 576 990 totam
591 924 788 989 temerarius
808 924 943 987 institor
955 924 1081 997 urbem,

192 1096 194 1101 ,
243 1022 350 1108 Inque
367 1046 430 1090 suo
442 1027 569 1091 nniiurn
583 1024 698 1089 limine
714 1026 815 1089 limen
825 1031 909 1088 erat.

197 1120 339 1193 ¹inssisti
353 1135 479 1207 tenneS,
493 1127 705 1205 Germanice,
721 1144 870 1191 creseere
883 1125 997 1203 eicos;

243 1229 285 1294 Et
298 1232 398 1296 modo
412 1252 487 1317 quae
502 1230 612 1309 iuerat
625 1231 757 1308 semita,
772 1228 865 1293 sacta
879 1228 936 1293 via
950 1232 1013 1291 est.

199 1328 308 1397 Nulla
323 1336 489 1398 catenatis
503 1334 573 1417 pila
587 1340 638 1397 est
652 1332 835 1416 praecincta
849 1329 997 1413 lagenis:

241 1433 319 1498 Nec
333 1442 456 1518 praetor
469 1435 580 1498 medio
587 1436 721 1517 cogitur
738 1435 785 1499 ire
799 1434 885 1500 luto.

199 1534 375 1617 Stringitur
390 1538 424 1601 in
436 1537 545 1602 densa
558 1557 620 1602 nec
636 1558 729 1602 caeea
742 1538 907 1601 novacula
922 1536 1038 1601 turba:

241 1634 395 1721 Occupat
410 1646 467 1704 ant
481 1647 574 1704 totas
588 1641 681 1722 nigra
698 1640 826 1725 popina
843 1642 925 1703 vias.

198 1735 342 1816 Tonsor,
357 1759 478 1825 caupo,
493 1760 637 1825 coquus,
653 1742 765 1807 lanius
779 1762 841 1806 sua
854 1741 968 1806 limina
983 1742 1128 1803 servant.

242 1839 344 1907 Nune
358 1842 468 1909 Roma
481 1852 546 1922 est,
561 1864 665 1928 nuper
679 1864 798 1926 magna
811 1846 950 1908 taberna
962 1842 1037 1907 brit.
1256 1836 1300 1900 1⁰

231 1998 420 2050 inconsideratus
435 2005 550 2051 otereator
566 2004 717 2061 ocerrpaaerat
736 2003 812 2048 totnnr
829 1999 919 2055 urban.
938 2004 961 2049 et
972 1998 1141 2049 meantium
1158 2003 1211 2047 eret
1221 1997 1247 2045 ia
1257 2010 1300 2043 sno

198 2064 288 2113 limine.
321 2066 346 2113 0
363 2066 510 2129 Germanice,
528 2063 651 2127 imperasti
661 2064 739 2113 iaxurt'
750 2066 813 2113 eicos
823 2068 951 2127 onmes:
968 2069 991 2112 et
1001 2065 1042 2127 oui
1059 2064 1129 2125 pauit
1144 2067 1199 2111 onte
1210 2066 1300 2109 tenores

192 2127 285 2191 suerat,
294 2128 377 2189 suetus
386 2135 422 2179 est
432 2130 480 2179 ain.
515 2130 587 2177 Natta
598 2129 647 2192 pita
660 2134 695 2177 est
712 2127 802 2189 referta
810 2131 926 2177 catenatis
933 2128 1041 2189 ingentu
1056 2133 1195 2190 necproetor
1204 2128 1300 2186 cogitur

198 2192 315 2243 ambulare
326 2194 401 2243 mettio
411 2210 482 2244 eoeno.
515 2195 566 2243 Nee
576 2208 637 2243 cocu
651 2195 761 2241 seturna
779 2196 883 2242 trudatur
894 2195 920 2241 in
930 2192 1052 2257 frequenti
1068 2188 1300 2250 terdonensem

195 2259 282 2321 popina
292 2264 355 2307 tenet
364 2264 426 2309 totas
436 2258 496 2309 atae.
532 2259 627 2315 Tame,
638 2273 720 2321 caupo,
730 2272 826 2321 aequm,
836 2258 1014 2323 torrium
1023 2257 1087 2307 domi
1096 2272 1162 2306 m:
1176 2270 1237 2304 nane
1249 2254 1299 2304 Ro·

197 2337 235 2371 ran
246 2328 292 2387 ed,
302 2323 434 2388 superfuit
443 2338 532 2387 anagn
540 2325 643 2389 meina.

230 2489 246 2536 2
263 2487 337 2550 Inone
347 2502 388 2536 sue
398 2487 487 2538 uitaret
506 2487 587 2538 timim
598 2489 671 2538 malit
690 2487 752 2536 Ant.
769 2487 803 2536 de
820 2488 953 2550 ticon-⁷
969 2484 1109 2547 &ringitur
1117 2484 1144 2532 in
1157 2483 1241 2531 &m
1257 2491 1299 2530 aas

198 2566 259 2602 coeea
268 2553 380 2602 nomento
389 2554 471 2602 tardas
480 2553 585 2602 exbibet
592 2552 674 2603 codex
684 2551 828 2603 l’utnranni.

696 2663 802 2716 NOTAE

232 2744 496 2825 rantuternotan]
522 2759 622 2810 Pnssiru
633 2774 729 2810 meres·
770 2761 828 2824 quit
840 2758 980 2818 Domitius,
991 2756 1116 2807 novacula
1126 2768 1177 2804 nou
1187 2753 1300 2804 nudatur

199 2844 269 2886 tores
278 2845 352 2886 erarrt
362 2837 509 2898 medianis,
518 2836 598 2886 ntvirr
611 2839 681 2887 locus
691 2851 728 2886 es·
768 2837 878 2900 amptius
890 2834 975 2884 media
995 2834 1037 2882 ria
1049 2849 1056 2894 ;
1079 2833 1153 2882 celte
1164 2832 1231 2880 enirn
1243 2838 1300 2880 ton-

71 2909 76 2916 “
140 2969 144 2973 ,
200 2922 239 2963 set
252 2913 442 2963 ambulantibus
452 2927 500 2978 per
512 2913 615 2974 urbera5
639 2912 727 2962 Darni-
768 2913 845 2964 soriae
856 2908 1301 2968 mediaviacoitoeatoe,ntietceu·

200 2991 283 3039 rianrn
304 3005 374 3052 vero,
394 3005 470 3054 qnenr
492 2990 675 3039 Gennanienm
694 2989 727 3036 ob
769 3005 864 3053 ponnnr
875 2988 992 3038 tabernae
1001 2987 1111 3051 dejecte
1126 2992 1233 3047 snat,et
1244 2983 1300 3048 jem

198 3067 314 3115 devictos
325 3065 469 3115 Germanos
479 3070 566 3126 vocat,
575 3064 646 3111 vicos
658 3063 727 3110 lana·
769 3073 886 3115 tonsores
897 3065 965 3114 dorni
976 3064 1086 3113 tondere
1097 3070 1235 3126 eoguntur.
1251 3061 1300 3110 Ra·

199 3141 313 3204 rijaseit.
346 3141 456 3188 Institor
466 3139 487 3187 is
500 3145 539 3187 est
552 3138 595 3202 qui
608 3138 633 3185 in
643 3138 727 3186 taber·
769 3143 846 3189 derue
867 3140 974 3203 conjicit
989 3141 1039 3187 boc
1059 3137 1150 3187 referri
1173 3152 1249 3201 posse
1266 3136 1300 3186 ad

200 3229 234 3264 na
256 3215 384 3264 mercibus
404 3213 545 3262 vendendis
571 3213 727 3277 praepositus
769 3217 934 3278 saecularior,
945 3217 990 3280 qni
1002 3215 1087 3263 inedia
1104 3215 1130 3263 in
1147 3215 1224 3264 turba
1234 3230 1300 3264 mar·
1378 3201 1385 3220 ’

200 3296 246 3342 ert.
767 3293 843 3356 sepia
863 3301 1027 3341 exsecareut.
1063 3291 1301 3340 Coeeanooecaiadi·

230 3373 247 3434 β
263 3365 401 3431 loquetae]
426 3365 546 3428 Honest,
558 3367 654 3414 nuilnnr
667 3372 727 3415 ente
768 3360 846 3429 citor,
866 3369 907 3417 ret
926 3368 994 3434 qnod
1014 3368 1048 3417 sit
1070 3367 1204 3418 recondita
1224 3369 1301 3417 theca

199 3445 268 3495 redes
285 3457 343 3494 tuas
360 3439 469 3492 liberurn
491 3441 611 3490 euntibus
629 3456 677 3505 per
689 3455 729 3490 nt·
769 3462 824 3507 sua,
839 3445 880 3494 vei
894 3443 962 3511 quod
979 3458 1029 3492 non
1042 3443 1162 3492 videatur
1177 3443 1203 3491 in
1215 3443 1302 3506 turba,

199 3521 257 3572 bern
270 3521 407 3572 transitum
427 3519 611 3584 relinquebant
631 3533 729 3568 merea·
769 3538 828 3572 cnm
852 3537 890 3571 res
909 3520 993 3570 brevis
1009 3521 1043 3569 sit
1065 3528 1093 3568 et
1111 3519 1215 3582 exigua.
1248 3519 1301 3569 Hic

198 3606 278 3649 tores.
770 3596 1165 3648 loernobscurnsnribiridetur.
1193 3597 1301 3647 Judieet

231 3671 483 3734 obtruncationis]
510 3673 577 3722 Pilae
600 3680 673 3723 erant
686 3689 729 3724 eo·
770 3678 862 3728 lector.

197 3755 293 3804 lumnae
317 3752 350 3801 nd
374 3767 437 3816 quas
465 3749 524 3798 iibri
546 3749 729 3801 vendebantur.
803 3750 1046 3815 ttLirrrinuserount]
1073 3751 1133 3801 Hoc
1149 3750 1299 3810 est‚biorn-

199 3828 325 3880 Horatius
338 3842 357 3876 r.
377 3827 431 3876 Sat.
443 3831 468 3876 d.
500 3825 599 3875 ‘Nntia
622 3829 731 3877 tuberna
770 3846 815 3878 nes
832 3845 882 3879 non
897 3839 1036 3879 exstruant
1057 3829 1166 3892 amplius
1178 3831 1300 3878 tabernas

199 3922 269 3958 rneos
293 3905 396 3966 babeat,
419 3919 502 3970 neque
533 3904 588 3968 pita
612 3905 730 3956 ribatter!
770 3908 856 3958 nredia
874 3908 928 3969 vie,
949 3906 995 3956 sed
1017 3907 1087 3957 demi
1102 3921 1156 3956 snae
1175 3916 1300 3957 exercent

199 3985 297 4034 Quibus
309 3982 387 4033 etiarn
408 3979 491 4032 affix-
508 3991 582 4030 erant
604 3995 730 4032 connexae
770 3993 917 4036 srrasartea.

199 4065 305 4112 interne
319 4066 427 4128 lagenae,
446 4061 546 4126 signans
563 4075 656 4126 nempe
677 4061 730 4110 vini
805 4065 836 4110 1⁰
853 4059 929 4110 Romu
940 4055 987 4119 est]
1012 4057 1085 4106 idern
1096 4055 1152 4106 fere
1168 4057 1233 4108 dixit
1252 4057 1301 4110 tib.

199 4139 322 4191 veneiitii.
732 4189 734 4192 ,
770 4137 859 4201 Spaet.
877 4137 954 4200 Epig.
967 4140 992 4184 2.
1008 4133 1129 4184 ‘reddita
1152 4135 1231 4183 iterna
1249 4134 1299 4184 sibi

231 4220 247 4266 fi
264 4216 317 4264 Nec
332 4213 433 4279 preter]
459 4215 530 4265 Vicis
549 4215 618 4264 enim
637 4214 730 4265 laxatis
770 4213 828 4278 est,’
839 4229 896 4279 quae
905 4221 983 4262 antea
994 4225 1087 4276 magna
1098 4209 1235 4262 videbatur
1244 4209 1298 4260 uffi-

195 4291 727 4358 janitransitusiiberestjuxtatabernas.
768 4291 835 4340 cine.
887 4342 891 4348 ,

230 4375 246 4420 7
262 4368 528 4432 §iring-unimam]
556 4371 615 4420 Hoc
632 4371 726 4433 ert,in-
