3159 4925
697 454 797 503 vrrs.
841 416 845 421 ’
1232 441 1274 505 11

179 612 259 661 vrrr.
291 596 462 679 Polycrat.
477 615 553 681 cap.
567 596 600 661 6.
614 605 649 662 et
663 596 715 661 18.
737 603 905 669 etauctor
921 583 1130 681 Sopbologii,
1145 614 1210 661 νιν.
1220 597 1272 663 12.

175 704 297 783 praeter
311 697 398 761 alios
412 697 586 780 quosdam,
609 700 667 780 qui
688 698 794 761 vitam
813 696 981 762 Martialis
995 699 1274 783 conscripserunt.

175 798 280 877 Quod
293 816 413 862 nomen
427 816 471 862 au
485 799 685 879 gentilitium
699 799 753 877 sit,
768 817 812 862 eu
826 798 1042 882 posthumum
1056 806 1090 864 et
1102 799 1271 865 homiuum

174 900 289 965 studio
310 899 463 977 inditum,
488 918 556 963 non
579 899 729 965 decerno.
781 899 868 964 Sunt
892 900 950 984 qui
969 905 1129 967 censeant
1150 920 1173 965 a
1193 920 1271 967 eon·

173 1002 287 1079 viriis,
313 1020 391 1085 quae
412 1000 601 1083 frequenter
630 1000 784 1077 celebrat,
813 999 949 1076 Xeniis,
980 998 1271 1086 Apophoretisque
1410 1015 1419 1027 “

174 1104 239 1169 lroc
253 1102 302 1167 illi
316 1120 436 1166 nomeu
452 1102 637 1167 conditum:
660 1103 718 1167 alii
741 1121 776 1165 re
798 1102 879 1183 ipsa
898 1121 1045 1185 coquum
1059 1104 1169 1183 egisse
1181 1106 1272 1187 prin-

174 1204 267 1287 cipio
281 1202 482 1267 existimant.
526 1202 637 1279 Titius
652 1218 718 1265 vrr.
732 1203 785 1266 21.
829 1199 865 1265 A
882 1201 1064 1286 majoribus
1085 1203 1272 1269 ammisse

173 1304 223 1369 illi
236 1304 350 1387 potius
363 1303 563 1381 existimem,
579 1322 639 1367 seu
654 1322 772 1387 parens
786 1320 919 1384 coquus
933 1304 978 1367 ab
993 1303 1134 1368 artiticio
1150 1304 1269 1383 audiit,

173 1424 234 1469 seu
260 1424 282 1468 a
308 1402 492 1489 majoribus
523 1404 663 1488 accepit.
707 1402 762 1467 Ob
784 1408 854 1467 tum
875 1422 988 1484 pauca
1013 1403 1268 1486 epigrammata,
1334 1443 1342 1449 -
1375 1381 1378 1388 ¹
1414 1442 1422 1458 κ

173 1506 296 1588 quibus
322 1505 476 1570 convivia
500 1505 657 1583 celebrat,
680 1503 965 1569 nomenclaturam
983 1504 1072 1570 hauc
1097 1504 1268 1588 indeptum

172 1625 251 1670 esse
262 1625 329 1670 uon
342 1613 392 1671 est
403 1626 480 1672 vero
494 1606 610 1669 simile.
655 1606 710 1671 Ex
723 1606 891 1670 hodiernis
904 1604 1128 1688 scriptoribus
1139 1603 1268 1670 Gasau·

171 1708 290 1786 bonus,
304 1707 393 1772 Rob.
405 1708 527 1786 Titius,
537 1705 710 1785 Claudiae,
722 1706 987 1771 Musambertius
1001 1726 1063 1771 seu
1078 1706 1268 1784 Marcilius,

170 1810 291 1875 iterum
305 1828 449 1893 coquum
463 1808 659 1891 indigitant:
682 1809 741 1872 alii
761 1815 902 1889 uagaut3
924 1812 1106 1889 natumque
1122 1824 1268 1871 errorem

170 1911 256 1974 bunc
277 1928 322 1974 ex
344 1916 500 1993 corrupto
525 1909 710 1992 Irampridii
735 1908 852 1973 codice
875 1906 1068 1993 conjiciunt,
1094 1924 1192 1990 quem
1217 1908 1267 1973 itu

170 2011 300 2093 legunt:
334 2021 370 2074 ut
400 2007 567 2074 Martialis
589 2031 664 2087 soce,
693 2029 754 2093 pro
783 2030 912 2095 quoque.
956 2008 1014 2073 sic
1043 2008 1131 2073 enim
1158 2009 1267 2092 prisco

170 2112 392 2177 scribebatur:
413 2112 500 2177 unde
521 2112 596 2178 coci
619 2131 680 2176 seu
704 2110 803 2194 coqui
827 2130 896 2176 vox
922 2108 1074 2175 derivata
1088 2128 1130 2173 ac
1144 2108 1266 2193 depre-

168 2220 261 2277 vete.
305 2212 477 2278 Maursius
491 2211 533 2277 de
558 2212 675 2297 gloria,
691 2211 863 2277 clavarius
877 2211 913 2275 in
927 2210 998 2274 vita
1013 2209 1132 2289 Persii,
1147 2210 1266 2276 Rami-

167 2314 274 2378 resius
288 2312 333 2379 ad
347 2314 441 2398 prim.
451 2334 503 2398 ep.
515 2320 618 2401 spect
651 2312 721 2379 Sed
736 2333 800 2397 ego
815 2311 966 2379 codicem
978 2310 1075 2375 illum
1089 2311 1264 2395 antiquum
1292 2304 1296 2309 ’

168 2413 352 2498 Iampridii
366 2416 709 2501 optareminspicere‚
724 2420 758 2481 et
777 2416 813 2480 in
834 2433 903 2480 rem
924 2418 1119 2498 praesentem
1140 2410 1263 2479 venire.

168 2514 264 2596 Quid
279 2516 389 2581 enimi
410 2518 445 2582 in
467 2517 533 2583 hac
556 2518 634 2582 sola
658 2536 741 2581 voce
763 2520 912 2580 errarunt
933 2513 1072 2604 librarii,
1093 2513 1263 2578 incateris

167 2617 343 2682 emendate
358 2617 586 2702 scripseruutl
607 2615 711 2681 Aliud
735 2621 800 2692 est,
823 2611 918 2697 quod
931 2633 984 2678 me
997 2620 1122 2692 moret,
1136 2618 1175 2678 ut
1188 2632 1263 2678 eam

167 2716 363 2801 scripturam
386 2719 433 2784 ita
454 2718 626 2802 legendam
648 2723 775 2802 putem,
799 2716 889 2799 quod
904 2716 979 2798 ipse
994 2714 1165 2780 secuntias
1180 2715 1263 2779 ordo

166 2817 331 2884 desideret
352 2839 480 2905 quoque.
521 2817 580 2882 Sic
606 2818 695 2881 enim
716 2814 948 2900 Lampridius:
981 2813 1141 2880 ‘Idcirco
1168 2814 1262 2898 quod

165 2919 263 2985 multi
277 2925 405 3004 septem
419 2921 537 2986 diebus
557 2920 713 3004 pulchros
727 2937 811 3010 esse¹
826 2916 942 2981 dicunt
954 2935 1026 2994 eos,
1040 2916 1100 3000 qui
1112 2914 1261 2999 leporem

165 3021 379 3099 comederint,
408 3028 444 3087 ut
481 3020 648 3086 Martialis
676 3039 811 3103 quoque
840 3018 1045 3102 epigramma
1073 3014 1261 3100 siguificat!

8 3069 10 3078 y
74 3133 78 3140 ’
164 3119 361 3206 Cognoscis,
375 3123 491 3200 lector,
507 3141 606 3205 quam
621 3127 809 3205 opportune
822 3120 922 3184 cadat
940 3118 995 3183 bic
1016 3117 1098 3182 illud
1115 3115 1261 3202 ,quoquot

165 3221 366 3307 Scripturaur
395 3243 471 3306 ergo
499 3223 643 3307 priscam
673 3219 844 3287 coufirmat
869 3219 947 3302 ipsa
972 3219 1074 3283 series
1101 3223 1134 3283 et
1162 3237 1259 3283 meus

164 3323 348 3389 verborum.
392 3319 466 3390 Etsi
481 3343 545 3389 non
557 3323 748 3388 necessario
760 3322 856 3404 legas
869 3340 1004 3404 quoquc:
1026 3324 1160 3384 constru
1173 3319 1259 3383 euim

163 3442 283 3489 sensus
298 3424 510 3490 nibilominus
523 3426 651 3504 integer
663 3429 698 3486 et
711 3421 889 3505 perfectus,
903 3420 934 3482 ai
952 3418 1046 3499 leges
1067 3416 1144 3480 coci.-
1164 3438 1259 3484 meus

132 3547 136 3556 ·
162 3528 274 3590 tamen
296 3525 438 3590 inclinat
459 3527 493 3589 in
518 3543 643 3610 quoque.
689 3521 801 3585 Multa
822 3520 924 3583 etiam
952 3516 1137 3582 Scriverius
1160 3535 1258 3599 super

160 3644 247 3691 voce
261 3627 337 3690 coci
351 3625 396 3692 ad
411 3627 522 3709 Epist.
537 3626 657 3690 libror.
673 3619 861 3705 praefixam,
872 3624 909 3682 et
923 3615 1080 3680 Burtbius
1095 3631 1143 3679 vr.
1152 3616 1183 3682 1.
1197 3619 1258 3701 qui

162 3745 281 3791 cocum
303 3728 461 3811 appellat,
488 3733 521 3790 et
544 3743 647 3808 super
668 3742 711 3788 ea
732 3741 767 3786 re
790 3721 943 3803 disputat
966 3717 1150 3800 copiosius.
1193 3717 1257 3782 Est

162 3845 239 3892 cum
268 3827 332 3889 κατ’
359 3826 565 3908 ἀντονομασίαν
591 3822 911 3909 epigrammatarius,
939 3825 975 3885 ut
1003 3817 1175 3885 Homerus
1204 3818 1257 3882 vel

161 3925 322 4009 Virgilius
343 3927 456 4011 polita,
482 3925 728 3992 Demosthenes
750 3922 807 3987 vel
831 3920 951 3986 Cicero
973 3923 1095 3996 orator,
1107 3919 1257 4002 philoso-

159 4028 246 4112 plrus
274 4027 485 4106 Aristoteles,
509 4029 638 4094 dicitur.
696 4025 876 4090 Parentum
898 4022 1043 4098 nomina,
1068 4020 1134 4085 nisi
1161 4018 1254 4083 tilius

159 4133 342 4207 sanasset,
366 4129 535 4195 oblivione
558 4128 693 4211 sepulta
714 4127 886 4211 jacerent:
915 4124 973 4189 lib.
995 4139 1029 4186 v.
1051 4118 1255 4188 immortalia

159 4228 304 4297 reddidit
320 4248 373 4314 ep.
386 4229 440 4296 34.
1125 4248 1129 4254 ⁴
