3159 4925
296 434 318 495 4
700 447 751 495 un
774 448 991 497 necronns..

298 591 436 655 alionum
451 586 659 672 praejudicio,
690 606 750 654 seu
775 590 899 656 fidncia
922 593 975 656 sui
997 591 1138 657 audiunt
1163 592 1272 657 solum
1294 594 1386 677 qnod

298 696 449 773 carpant,
462 708 571 772 neque
585 695 654 754 tam
666 696 800 755 utuntur
812 691 919 757 literis
934 710 1036 776 quom
1050 693 1236 769 abutuntur,
1247 694 1281 756 in
1295 696 1388 759 verbi

298 792 396 856 unius
423 796 481 857 ant
502 791 638 856 alterins
660 792 837 857 calumnie
863 812 979 859 ansam
1004 798 1146 870 struunt,
1171 813 1238 876 quo
1261 793 1387 859 Polites

266 922 269 926 ·
298 894 332 956 iu
354 892 514 958 invidiam
537 900 677 959 vocent:
699 899 769 959 tum
783 895 929 979 denique
945 914 982 960 se
1006 894 1167 960 Platonas
1191 901 1227 958 et
1243 894 1388 959 Aristar·

300 992 379 1058 chos
403 996 475 1073 rati,
501 993 531 1058 si
554 994 673 1060 alienae
695 994 853 1060 insultent
874 995 978 1074 laudi,
1003 1000 1105 1077 utque
1128 994 1226 1067 ἄποδας
1245 996 1389 1061 aviculae

298 1114 408 1158 remes
429 1096 609 1173 arborum,⁴
634 1096 685 1159 sic
709 1095 761 1158 illi
783 1095 936 1161 humeros
952 1096 1114 1159 bonorum
1134 1094 1287 1159 affectent
1300 1096 1388 1162 unde

299 1196 472 1259 emineant.
515 1193 599 1273 Alii,
613 1195 764 1261 hemines
784 1196 907 1277 ignava
928 1214 1031 1279 opere
1049 1202 1151 1277 atque
1173 1195 1289 1259 servili
1315 1216 1389 1261 scn-

299 1297 411 1373 tentia,
426 1293 578 1381 δοξὸσοφοι,
592 1296 720 1380 pedarii
729 1294 862 1380 judices
885 1304 920 1362 et
942 1314 988 1360 ex
1008 1297 1151 1362 aliorum
1165 1316 1223 1362 ore
1238 1297 1388 1380 penduli,

297 1397 430 1461 illorum
445 1398 604 1463 velificati
618 1398 822 1475 auctoritati,
838 1396 1050 1480 subjudicaut
1065 1397 1293 1480 potiusquam
1307 1418 1392 1480 prue-

293 1499 456 1582 judicant
499 1498 571 1563 Alii
591 1498 698 1563 barba
716 1506 814 1562 tenus
837 1497 939 1576 docti,
953 1499 1052 1581 piceo
1067 1518 1187 1580 graves
1201 1499 1316 1582 pallio,
1332 1500 1391 1563 ubi

299 1620 321 1663 a
336 1600 451 1663 rustris
466 1599 509 1662 ad
523 1603 630 1664 rostra
647 1597 921 1675 transcenderint,
933 1599 1071 1681 jamque
1084 1607 1210 1663 ostrum
1225 1600 1392 1670 somniare

299 1700 384 1777 ansi,
401 1718 544 1763 vacuum
558 1698 637 1783 plus
652 1699 755 1762 nimio
777 1700 937 1762 verticem
955 1700 1037 1765 inter
1059 1706 1153 1763 aene
1175 1699 1391 1780 condiderint,

300 1802 468 1866 Mercurio
491 1818 568 1864 cum
593 1798 783 1881 Philologia
806 1817 881 1876 sua,
898 1818 1000 1881 quam
1022 1799 1102 1882 quia
1124 1817 1168 1863 ne
1191 1800 1392 1881 primoribus

299 1902 433 1985 quidem
443 1898 545 1965 labiis
560 1900 754 1982 praelibasse
763 1899 809 1963 iis
818 1901 969 1981 contigit,
976 1902 1067 1964 bona
1076 1918 1143 1964 uon
1156 1900 1272 1965 dicunt
1281 1902 1392 1979 verbu,

298 2004 399 2066 immo
414 2001 561 2065 nuntium
575 1999 763 2079 remittunt3
786 1996 975 2082 Apollinem
995 2005 1029 2063 et
1052 1996 1186 2078 Musas,
1205 2018 1291 2082 quas
1313 2002 1393 2084 qnia

299 2104 366 2167 illis
381 2122 423 2167 ue
439 2122 461 2167 a
473 2102 587 2166 limine
602 2100 737 2183 quidem
763 2101 929 2165 salutesse
953 2098 1068 2164 dutum
1089 2107 1151 2179 ast,
1174 2100 1393 2167 eliminandos

298 2202 481 2279 clamitant,
495 2208 531 2265 et
543 2199 688 2265 inscitiae
704 2218 775 2264 sum
793 2208 1016 2283 praetexentes
1039 2200 1300 2281 sanctimoniam,
1315 2220 1393 2267 cunr

299 2310 387 2369 artes
417 2322 532 2367 omues
561 2300 780 2380 humaniores,
809 2306 880 2364 tom
909 2300 1082 2365 Poeticam
1107 2301 1331 2367 demandam
1359 2306 1394 2369 in

299 2410 416 2482 totum,
431 2410 476 2485 et,
490 2411 530 2468 ut
551 2420 626 2468 cnm
642 2401 781 2468 Sidonio
795 2402 939 2487 loquar,⁵
959 2406 1028 2468 ‘ex
1048 2401 1143 2468 asse'
1167 2404 1394 2488 pronuntiant.

299 2505 370 2572 Alii
385 2506 537 2592 deniqne,
558 2511 597 2571 ut
617 2505 652 2569 in
676 2523 814 2569 erenum
836 2523 946 2568 meum
970 2502 1182 2584 dmcendam,
1202 2513 1239 2570 et
1262 2506 1307 2570 ed
1327 2507 1394 2572 mei

251 2593 255 2600 ¹
299 2608 422 2674 ordinis
435 2608 601 2684 tremulos,
619 2607 717 2671 selva
737 2625 867 2688 semper
886 2606 997 2670 doctis
1014 2615 1050 2671 et
1067 2608 1152 2671 bene
1164 2608 1288 2672 meritis
1300 2626 1394 2672 rere·

299 2713 520 2792 rentia,qnos
533 2727 628 2772 neme
644 2707 830 2772 mortalium
849 2709 956 2789 magis
979 2708 1061 2773 colit
1075 2727 1176 2790 quam
1198 2726 1272 2790 ego,
1285 2711 1394 2793 magis
1470 2781 1474 2788 ,

299 2815 486 2887 veneratur,
500 2827 569 2872 uon
583 2811 780 2873 submittunt
795 2827 834 2872 se
853 2807 1003 2873 Petronii
1020 2809 1171 2887 arbitrio,
1187 2810 1246 2893 qui
1259 2829 1397 2892 genero·

301 2913 399 2977 siclis
415 2912 533 2977 Poetae
548 2910 710 2994 spiritum,
724 2910 901 2974 sanitatem
922 2927 1033 2973 amare
1053 2915 1285 2994 nepetaeque
1305 2913 1396 2976 enim

300 3013 477 3098 concipere
503 3019 562 3077 aut
583 3011 679 3076 edere
704 3017 839 3094 partum
866 3015 1009 3075 mentem
1042 3029 1159 3092 posse,
1182 3011 1247 3076 nisi
1269 3012 1396 3093 ingenti

299 3116 436 3180 flumine
447 3116 617 3181 literarum
632 3115 831 3178 inundante:
846 3131 950 3196 neque
965 3109 1131 3189 Seuecee,⁶
1140 3113 1397 3195 pronuntiantis,

299 3237 364 3282 non
378 3237 481 3300 posse
497 3235 574 3281 eum
591 3215 719 3300 aliquid
735 3216 958 3299 grandiusora
971 3213 1105 3277 momali
1117 3231 1252 3292 cauere,
1262 3214 1397 3298 nisiqni

301 3321 437 3401 vulgata
464 3323 498 3384 et
527 3317 629 3382 solita
656 3317 846 3394 contemsit,
874 3317 1101 3397 instinctuque
1129 3333 1227 3380 sacro
1253 3318 1399 3382 annexit

302 3421 411 3498 altior,
440 3421 638 3486 auctoritate
667 3419 789 3484 adduci
813 3424 968 3505 possunt,
993 3426 1032 3481 ut
1060 3416 1224 3502 majorum
1253 3419 1398 3499 gentirnn

301 3530 433 3590 versent
446 3522 591 3604 Podtas3
613 3523 673 3590 scd
692 3541 784 3603 snos,
799 3531 837 3587 ut
859 3521 1012 3607 ejusdem
1036 3519 1163 3585 Arbitri
1179 3521 1290 3584 verbis
1310 3527 1398 3597 utar,

301 3627 498 3711 utquisque
513 3647 645 3692 versum
660 3623 807 3708 pedibus
830 3624 1000 3701 instruxit,
1016 3638 1216 3703 sensumque
1238 3623 1399 3685 teneriore

300 3729 479 3792 uerborum
501 3729 626 3793 ambitu
649 3727 807 3804 intexuit,
821 3731 943 3810 putant
956 3725 1116 3790 continuo
1138 3725 1173 3787 iu
1196 3723 1400 3788 Heliconem

301 3829 453 3894 venisse:
486 3831 520 3892 et
541 3827 659 3912 quidni
688 3828 859 3893 venerintl
891 3826 1027 3911 quando
1056 3825 1141 3910 ipsis
1164 3823 1398 3909 predagogulis

798 4022 904 4074 NOTAE

336 4143 476 4204 t'Arebre,
489 4139 543 4204 isc]
576 4139 646 4190 Plin.
672 4139 735 4191 Nat.
761 4139 832 4190 Hirr.
904 4145 921 4189 o
943 4137 1046 4198 Seuere,
1064 4133 1116 4200 tc]
1143 4137 1186 4187 De
1213 4135 1402 4201 tranquillitate

306 4218 353 4268 lib.
361 4233 389 4268 x.
401 4233 459 4282 cap.
469 4222 511 4268 89.
523 4223 550 4266 et
561 4217 605 4269 lib.
618 4229 660 4266 xr.
670 4231 728 4278 cap.
739 4219 780 4268 47.
874 4215 951 4264 animi
960 4228 1018 4278 cup.
1031 4217 1070 4263 lt.

339 4301 353 4364 b
371 4294 478 4358 Sidmio,
488 4293 541 4359 isc]
559 4293 615 4344 Lib.
627 4307 671 4342 ιιι.
683 4291 767 4356 Epist.
779 4296 818 4341 ll.
1091 4296 1094 4300 “
