3159 4925
498 414 731 465 rnsuruorua
758 406 806 466 nn
832 416 1037 466 untertana.
1272 401 1315 467 21

219 556 455 623 titillationem.
500 556 617 623 Nihilo
631 566 742 625 tamen
757 560 867 624 minus
890 559 948 636 iis,
971 575 1039 623 uon
1056 574 1169 642 panca
1180 556 1315 640 quidem

218 658 473 737 animadvertas,
483 679 561 743 qua
577 660 678 743 digna
690 680 828 745 prorsus
841 668 919 726 sunt
932 661 1052 725 facetis
1063 679 1105 723 ac
1120 659 1315 740 temperatis

199 760 383 854 ingeniis:
405 761 631 845 retineantque
654 763 810 828 decorum
831 762 926 840 illud,
940 762 1032 846 quod
1047 762 1182 827 virtutis
1204 760 1314 845 bujns,

219 859 262 925 de
276 881 344 944 qua
357 862 583 945 praecipimus,
596 864 741 939 maxime
755 868 808 929 est
819 866 1001 949 proprium.

303 1010 416 1076 Julius
432 1010 548 1076 Caesar
562 1011 724 1095 Scaliger,
740 1010 901 1078 Poitices
915 1014 976 1079 lib.
993 1030 1049 1081 111.
1065 1032 1140 1098 cap.
1156 1012 1230 1079 126.

261 1158 519 1243 Epigrammatis
544 1162 686 1227 rimatos
711 1164 910 1247 peculiares,
930 1164 1081 1229 brevitas
1103 1171 1137 1229 et
1165 1164 1312 1245 argutia;

217 1260 301 1325 banc
316 1260 470 1326 Catullus
491 1282 559 1327 non
587 1283 716 1348 semper
730 1272 783 1329 est
797 1272 982 1331 asmoutus.
1021 1266 1187 1331 Martialis
1207 1264 1315 1331 Poeta

217 1362 446 1445 argutissimus
460 1383 627 1451 nusquam
640 1367 764 1433 omisit.

640 1546 739 1613 Idem
753 1549 812 1615 lib.
829 1567 880 1615 vr.

259 1676 314 1744 Ne
328 1678 518 1746 Martialem
533 1683 669 1767 quidem
682 1686 855 1750 transferre
868 1686 950 1751 libat
963 1685 1007 1750 ad
1021 1684 1168 1750 meliora.
1201 1680 1313 1747 Multa

217 1785 294 1845 sunt
307 1780 383 1865 ejus
392 1781 643 1866 Epigrammata
653 1785 783 1867 divina;
809 1786 974 1871 inquibus
988 1794 1023 1852 et
1037 1784 1199 1852 sermonis
1213 1784 1313 1849 casti·

215 1886 281 1958 tas,
296 1887 329 1947 et
340 1884 522 1963 argumenti
536 1884 672 1967 species
689 1886 858 1952 luculenta
872 1894 932 1952 est
976 1887 1106 1953 Versus
1130 1904 1211 1951 vero
1234 1903 1311 1949 can-

216 1981 299 2060 didi,
307 1986 488 2063 numerosi,
496 1986 599 2069 pleni,
613 1987 756 2072 denique
771 1988 905 2074 optimi.
928 1987 1112 2053 Mafoeda
1124 1986 1311 2068 selegerim

215 2083 360 2168 quidem,
372 2092 501 2151 tantum
516 2089 610 2153 abest
623 2097 663 2154 ut
677 2087 721 2163 ad
735 2110 910 2157 censuram
924 2109 1052 2162 rocem.
1283 2080 1287 2087 ’

343 2230 512 2315 Adrianus
524 2248 712 2330 Turnebus,
730 2249 873 2318 Advers.
887 2252 944 2317 lib.
961 2266 1044 2319 vrri.
1058 2269 1135 2335 cap.
1149 2251 1182 2315 4.

260 2380 352 2462 Quid
366 2390 458 2448 vetat
480 2383 639 2468 attingere
662 2382 871 2448 festivissimi
887 2383 1007 2449 Podtae
1022 2380 1192 2448 Martialis
1205 2378 1310 2457 lusus,

216 2491 319 2567 atquc
343 2487 378 2550 in
399 2487 452 2550 bis
466 2504 602 2570 operam
624 2484 760 2549 luderet
808 2484 889 2549 Non
904 2503 1034 2570 semper
1056 2480 1237 2566 supercilia
1251 2480 1310 2544 ad·

214 2585 365 2653 ducenda
379 2593 464 2652 sunt„

546 2761 643 2828 ldem
657 2762 718 2826 lib.
737 2778 824 2826 xrrr.
840 2769 918 2845 cap.¹
934 2761 986 2827 19.

258 2897 344 2964 Cum
357 2917 380 2962 a
392 2895 603 2980 lepidissimo
629 2894 750 2973 Poeta,
770 2913 835 2959 neo
855 2894 945 2958 enim
964 2893 1034 2958 illis
1060 2889 1235 2968 assentior,
1250 2888 1310 2974 qui

215 3019 365 3066 scurram
378 3001 526 3083 ineptum
540 3017 616 3076 eum
630 2995 812 3079 appellant,
826 3013 937 3078 neque
952 2995 1035 3059 satis
1049 2994 1197 3075 elegante
1209 2991 1311 3056 Musa

214 3102 318 3167 libros
342 3099 627 3184 Epigrammatnm
646 3097 822 3180 scripsisse
841 3102 1024 3173 autumant,
1039 3095 1096 3161 lib.
1113 3110 1170 3159 ιιι.
1196 3092 1308 3177 Epigr.

213 3203 270 3269 93.
283 3202 416 3268 canitur
428 3221 436 3266 τ

410 3301 576 3367 Admittat
589 3301 673 3366 inter
686 3301 877 3366 bustuarias
891 3300 1051 3376 rnoecbas,
1064 3303 1126 3363 tm.

426 3468 548 3535 Justns
562 3467 710 3554 lipsius,
725 3470 767 3533 de
781 3467 935 3568 Amphit.
949 3485 1025 3551 cap.
1040 3465 1093 3528 15.

257 3605 517 3688 Designatomm
530 3604 641 3670 facete
658 3621 752 3687 saepe
774 3600 925 3667 meminit
947 3601 1068 3662 auctus
1091 3600 1126 3660 et
1149 3593 1309 3678 capitatis

212 3706 269 3772 ille
283 3705 471 3789 Hispanus.

265 3880 357 3946 Idem
373 3834 416 3946 ad
430 3879 453 3945 J
455 3877 775 3958 auum-Lernutium,
792 3895 816 3942 ι.
832 3875 939 3960 Epist.
955 3874 1087 3954 Quaest.
1103 3871 1210 3957 Epist.
1221 3873 1253 3936 5.

255 4011 347 4092 Quid
363 4014 554 4078 censestul
576 4031 641 4077 uon
655 4013 776 4078 melius
798 4009 840 4075 de
864 4007 1025 4075 Martiale
1049 4005 1199 4087 Scaliger
1213 4001 1306 4088 jndi-

212 4115 313 4191 cavit,
336 4113 396 4196 qui
418 4131 534 4178 versus
556 4110 631 4196 ejus
655 4111 831 4187 candidos,
852 4125 1059 4184 numerosos,
1075 4105 1202 4190 plenos,
1224 4103 1308 4190 Epi·

212 4217 395 4296 grammata
413 4213 515 4278 mua
535 4211 651 4279 divina
675 4213 775 4278 dicit:
798 4229 901 4294 qnam
922 4208 993 4290 iile,
1007 4209 1067 4292 qui
1095 4223 1243 4272 scurram
1262 4205 1306 4272 do
