3159 4925
276 428 320 493 20
556 444 789 495 rnsnrnonrn
815 445 863 495 on
887 444 1096 496 ιιιιιιιιιιι.

564 590 674 659 Vetus
689 592 904 661 Glossarium
917 596 1081 661 Latinum.
1110 662 1113 667 ,
1224 585 1226 588 ’

319 722 452 802 Petaso,
468 721 665 807 Petasonis3
687 748 801 813 perna,
815 729 966 795 haconis.
1010 726 1181 793 Martialis
1193 725 1351 812 Goquus:

275 876 282 895 ,
449 823 493 891 Et
507 826 634 908 pultem
651 825 786 893 dubiam
801 849 877 895 curn
893 836 1056 915 petasone
1071 850 1180 896 noras

319 924 422 991 Extat
435 926 511 991 Lib.
527 942 584 991 ιιι.
613 928 730 1011 Epigr.
744 930 799 995 77.
815 931 873 995 nbi
888 931 1000 1013 vulgo,
1022 930 1086 995 ‘Et
1098 931 1236 1015 pulpam
1250 929 1373 996 dubio!

274 1025 444 1091 Iaudatur
466 1029 510 1092 ab
537 1028 653 1093 eodem
669 1027 922 1114 Glossographo
934 1032 1035 1097 etiam
1050 1031 1145 1109 alibi,
1156 1042 1192 1096 et
1204 1035 1268 1098 sub
1283 1032 1373 1098 Mar-

273 1127 363 1192 tialis
379 1127 488 1213 Coqni
502 1129 638 1195 nominc
652 1140 817 1215 praetcrea
829 1132 1004 1215 longinum
1017 1131 1082 1199 hoc
1097 1134 1293 1199 Distichoo:

425 1228 573 1311 Defungi
588 1228 698 1313 fungis
713 1231 875 1309 homines,
892 1232 1053 1313 Macrine,
1067 1235 1234 1318 negabas:

489 1330 601 1395 Boleti
613 1331 673 1395 leti
687 1349 792 1396 causa
805 1330 895 1397 suere
910 1334 970 1397 tui.

454 1491 606 1577 Angelus
622 1494 821 1574 Politianus‚
837 1494 1025 1561 Miscellan.
1042 1518 1117 1584 cup.
1131 1502 1165 1566 6.

320 1626 429 1691 Nimis
443 1628 530 1691 enim
544 1628 629 1692 soret
642 1628 816 1693 insubidas
832 1628 961 1695 Potite:
983 1632 1071 1715 quod
1084 1632 1178 1699 nefas
1192 1634 1338 1701 credere.

694 1792 789 1858 Idem
805 1814 884 1877 cap.
898 1795 951 1860 52.

316 1926 405 1991 Sane
419 1946 482 2008 per
495 1930 600 1991 totum
617 1926 833 2009 Epigramma
846 1928 975 2010 signate
990 1948 1072 1993 usus
1086 1934 1137 1994 est
1150 1928 1260 1995 verbis
1271 1950 1368 2014 urgu-

271 2028 420 2093 tissimus
435 2024 554 2105 Poeta,
569 2028 631 2091 &a
653 2027 757 2091 uteie
781 2027 847 2091 hoc
873 2027 1122 2114 Epigrammata
1144 2031 1227 2097 nihil
1252 2034 1366 2117 utique

273 2129 482 2214 pensitatios.

458 2294 552 2358 Idem
568 2294 603 2358 in
620 2292 871 2360 Declamatione
885 2314 947 2378 pro
963 2294 1181 2375 Quintiliano.

313 2430 362 2497 Ut
382 2432 426 2494 ab
447 2426 713 2512 ingeniosissimo
732 2428 927 2495 Latinomm
949 2428 1234 2513 Epigrammatum
1248 2430 1366 2514 potita,

269 2540 303 2599 et
318 2539 329 2568 ‘
342 2551 438 2614 vagae
450 2529 637 2614 juventutis
652 2529 860 2607 moderator,'
880 2539 915 2596 et
936 2536 947 2565 ‘
962 2529 1125 2596 Romanae
1139 2531 1247 2613 gloria
1258 2531 1365 2615 togae’

268 2656 345 2703 vere
359 2633 517 2699 meruerit
530 2631 703 2716 appellari.

348 2785 371 2851 J
374 2783 516 2848 ovianns
530 2781 716 2862 Pontanus,
731 2783 789 2847 lib.
808 2800 863 2847 ιιι.
878 2784 922 2849 de
938 2783 1108 2862 Sermone,
1123 2803 1200 2869 cap.
1215 2783 1269 2850 18.

310 2915 469 2983 valerius
479 2913 647 2979 Martialis
658 2915 954 2982 artificiosissimus
964 2916 1249 3001 Epigrammatum
1255 2919 1363 3003 scrip·

267 3027 332 3097 tor,
355 3019 406 3082 itu
424 3015 461 3081 in
486 3015 528 3079 iis
548 3015 684 3096 quidem
695 3014 836 3098 jocatus
859 3022 923 3095 est,
943 3022 983 3082 nt
1006 3017 1214 3100 frequentius
1234 3027 1363 3103 carpat,

268 3140 371 3206 quam
384 3117 546 3183 delectet:
569 3117 699 3181 tametsi
722 3137 742 3182 e
763 3118 975 3183 demorsione
993 3118 1070 3201 ipsa
1084 3117 1262 3184 delectatio
1277 3138 1363 3202 quo·

268 3240 335 3306 que
349 3220 486 3304 paritur.
528 3216 659 3282 Adhaec
676 3218 776 3284 dietis
789 3219 864 3304 ejus
886 3219 1008 3304 partim
1025 3218 1257 3285 occultissima
1270 3239 1363 3303 quae·

267 3322 345 3386 dam
358 3322 473 3385 insunt
486 3318 635 3402 spicula3
657 3319 776 3401 partim
799 3321 904 3388 verba
917 3340 993 3404 quae
1006 3339 1074 3384 nou
1089 3319 1198 3382 solum
1216 3320 1362 3385 afaceto

266 3424 335 3487 sint
348 3421 471 3498 alienu,
481 3437 597 3484 verum
608 3425 666 3483 eut
675 3419 836 3484 obscoena
849 3422 927 3503 ipsa
940 3416 1119 3485 admodum
1132 3418 1361 3503 scurriliaque,

266 3528 326 3588 aot
339 3522 488 3587 maxime
501 3519 691 3605 ampullosa
704 3525 738 3584 et
746 3518 865 3586 acida:
880 3519 970 3604 quod
984 3518 1119 3604 quidem
1135 3519 1361 3604 Hispanicum

266 3631 329 3688 est.
373 3623 460 3687 Sunt
471 3629 582 3686 temen
597 3621 688 3688 dicta
702 3621 777 3706 ejus
791 3623 827 3687 iu
844 3622 1034 3687 universnm
1047 3625 1171 3705 arguta,
1184 3621 1361 3686 subtiliter·

266 3721 548 3808 queconqnisita;
563 3721 732 3785 abstrusae
743 3722 929 3800 sentcntiae,
940 3721 1237 3804 eaedemquerarae,
1247 3721 1361 3801 salom

266 3824 450 3890 aculeata:
464 3821 668 3885 inventiones
678 3838 756 3884 vero
770 3821 918 3884 maxime
932 3827 1044 3885 acutae
1053 3841 1062 3885 ε
1077 3821 1180 3886 rerba
1191 3822 1361 3907 precipue

266 3922 530 3998 accommodata,
545 3937 691 4002 quaeque
716 3936 783 3982 non
804 3920 913 4002 prima
933 3927 1067 3984 tanturn
1090 3917 1189 3998 facie,
1202 3927 1304 4005 atque
1324 3925 1360 3989 iu

266 4026 344 4109 ipso
360 4017 545 4107 explicata,
559 4021 718 4085 lectorem
731 4021 878 4086 alliciant
896 4026 999 4105 atquc
1017 4022 1221 4104 auditorem
1243 4043 1359 4090 verum

268 4144 344 4209 qnae
358 4127 393 4189 in
409 4124 483 4209 ejus
498 4123 610 4187 animo
624 4121 815 4206 relinquant
829 4123 968 4189 tacitam
981 4123 1150 4206 quandam
1164 4126 1262 4207 quasi
1279 4127 1359 4190 sab·
