3159 4925
505 414 739 467 uuauuuonrn
763 417 813 467 nn
836 417 1044 469 unarrnnn.
1279 408 1325 475 23

218 559 352 644 judicio
376 558 540 643 superba3
562 578 625 624 nec
648 578 797 644 unquam
819 559 856 625 in
880 562 1035 627 conteneo
1056 562 1182 645 pudore
1205 562 1324 631 Podtio

224 661 414 727 adulatrix:
437 660 526 746 quod
542 662 668 747 lepida,
691 667 726 727 et
749 662 851 727 saluis
864 662 989 729 finibus
1002 664 1161 731 aculeata
1174 666 1324 730 carmina

223 762 403 829 lectitaret
446 762 634 829 Elocutioni
657 769 752 829 costa
774 770 888 829 tamen
910 766 1039 850 puritas
1064 784 1105 831 ac
1129 768 1164 833 in
1185 784 1324 833 numero

225 886 318 951 stupe
332 868 415 931 duro
427 866 546 931 lenitus
561 864 684 932 defuit:
700 865 811 950 qualia
820 864 1002 934 incatullo
1014 873 1201 952 praetenero
1212 867 1325 935 Poeta

227 969 445 1053 conspicitur:
461 987 537 1033 cnm
551 967 720 1050 ingenioso
733 967 884 1033 mordaci
897 976 933 1033 et
946 969 1077 1053 impuro
1086 968 1236 1035 Martiali
1248 991 1325 1054 par·

227 1070 347 1136 similis
375 1086 452 1133 esse
479 1068 603 1146 mallet,
624 1076 663 1133 ut
685 1087 753 1133 una
775 1068 962 1153 prasertim
983 1076 1151 1153 pemeutae
1181 1070 1323 1137 circum-

227 1170 404 1254 ductaequo
418 1170 594 1235 sentcntiae
607 1170 711 1252 gloria
723 1170 907 1249 duceretur,
921 1172 982 1235 tre.

249 1332 404 1401 Andreas
418 1334 621 1419 Naugerius,
637 1334 786 1402 Auctore
802 1337 836 1401 in
851 1336 973 1402 iisdem
988 1335 1118 1420 Elogiio
1133 1337 1174 1404 P.
1188 1338 1212 1403 J
1213 1340 1304 1405 orio.

185 1488 188 1501 ·
270 1470 357 1537 Cum
373 1468 624 1555 Epigrammata
640 1470 810 1555 praeatanti
830 1468 964 1554 judicio
978 1469 1184 1554 lepidissima
1197 1473 1324 1539 aeribe-

226 1577 287 1651 ret,
309 1590 374 1637 non
387 1572 488 1637 salsis
501 1570 732 1655 aculeatiuque
747 1569 886 1648 linibus,¹
900 1570 962 1635 sed
976 1575 1090 1637 tenera
1111 1570 1172 1638 illa
1189 1580 1226 1638 et
1238 1594 1326 1657 proe·

228 1674 319 1738 dulci
340 1674 457 1757 prisca
479 1674 648 1737 euadtete
677 1669 868 1751 claudebat,
896 1671 982 1737 adeo
1011 1670 1160 1738 Martiali
1189 1693 1325 1740 acroma

227 1774 349 1853 hostio,
370 1780 408 1841 nt
430 1775 612 1859 quotannis
642 1778 730 1839 stato
755 1772 813 1839 die
840 1770 952 1839 Musio
978 1772 1090 1838 dicato
1115 1773 1223 1839 multa
1247 1774 1324 1859 ejus

227 1877 411 1954 volumino,
431 1884 594 1961 tanquam
606 1876 747 1959 impura,
770 1894 846 1941 cum
867 1874 1080 1940 execratione
1094 1872 1251 1940 Vulcano
1273 1876 1324 1942 di·

228 1982 391 2043 curentur.

271 2158 352 2225 Alia
366 2158 504 2225 sinistra
516 2158 696 2225 infelicium
712 2156 910 2223 criticorum
929 2156 1063 2241 judicia
1084 2156 1162 2222 vide
1179 2156 1216 2223 in
1231 2156 1323 2222 Mar-

227 2263 311 2329 tiale
324 2259 366 2326 P.
382 2260 550 2327 Scriverii.
